2195 3345
463 240 519 285 16
759 252 803 282 L.
840 250 1004 282 ANNAEI
1037 249 1232 282 SENECAE
1262 250 1584 283 DIALOGORUM
1617 251 1713 283 LIB.
1749 252 1819 284 XII

459 382 571 413 suae
591 369 739 412 simile
766 383 776 419 ;
794 368 986 411 nuncin
1004 367 1090 417 his,
1111 380 1230 423 quae
1248 368 1373 411 mala
1391 372 1640 419 uocantur,
1660 369 1777 412 nihil
1789 372 1891 412 tam
1905 369 2114 413 terribile

458 453 516 483 ac
555 441 727 483 durum
767 439 973 488 inuenio,
1017 450 1161 494 quam
1201 439 1359 495 opinio
1401 440 1526 496 uolgi
1567 439 1858 483 minabatur.
1900 439 2109 484 Verbum

461 512 652 567 quidem
678 511 834 567 ipsum
861 509 1163 565 persuasione
1192 511 1397 566 quadam
1425 515 1475 554 et
1501 524 1731 554 consensu
1769 511 1864 554 iam
1897 511 2110 568 asperius

457 583 519 625 ad
541 595 677 625 aures
699 581 833 624 uenit
852 584 903 622 et
922 580 1160 623 audientis
1182 583 1430 638 tamquam
1453 582 1587 625 triste
1610 585 1660 625 et
1679 581 1941 625 execrabile
1963 582 2076 625 ferit
2099 596 2110 625 ε

457 653 526 696 ita
565 653 691 696 enim
729 651 933 708 populus
972 651 1145 702 iussit;
1185 652 1264 694 sed
1303 652 1467 709 populi
1506 653 1624 696 scita
1663 666 1726 696 ex
1761 664 1932 709 magna
1971 656 2109 709 parte

457 723 695 780 sapientes
714 723 964 778 abrogant.

545 794 621 837 VI.
666 819 714 824 -
752 793 956 836 Remoto
993 804 1100 850 ergo
1139 793 1309 836 iudicio
1349 794 1569 850 plurium,
1609 806 1726 850 quos
1762 795 1914 851 prima
1949 807 2106 837 rerum

455 865 648 921 speeies,
694 867 954 921 utcumque
1001 864 1179 907 credita
1223 868 1311 914 est,
1357 866 1529 914 aufert,
1575 865 1837 916 uideamus,
1885 865 1998 922 quid
2044 865 2110 908 sit

455 936 665 979 exilium.
702 935 884 992 Nempe
921 936 1010 978 loci
1047 935 1375 979 commutatio.
1414 935 1483 979 Ne
1519 940 1773 991 angustare
1808 937 1972 979 uidear
2006 935 2107 979 uim

455 1007 555 1050 eius
605 1011 656 1050 et
697 1006 928 1063 quidquid
980 1006 1236 1063 pessimum
1279 1007 1327 1048 in
1370 1020 1415 1049 se
1460 1006 1606 1049 habet
1647 1006 1940 1057 subtrahere,
1982 1007 2108 1050 hanc

454 1078 881 1121 commutationem
907 1078 995 1120 loci
1022 1081 1285 1134 sequuntur
1311 1078 1612 1120 incommoda
1642 1093 1651 1120 :
1678 1081 1950 1135 paupertas,
1977 1077 2111 1135 igno-

532 1208 573 1240 N.
595 1208 631 1240 C.
655 1225 690 1231 —
720 1207 773 1239 VI
796 1208 828 1239 1.
855 1207 1135 1239 commutatione.
1159 1208 1351 1247 anquslare
1372 1208 1416 1246 A,
1440 1216 1532 1239 corr.
1552 1207 1712 1240 Fickert.

455 1321 611 1367 peuple
640 1321 864 1366 (imperare
892 1321 916 1356 3
945 1320 1068 1356 celles
1097 1321 1171 1355 des
1200 1320 1485 1366 magistrats).
1520 1320 1553 1356 Il
1580 1320 1748 1366 signifie
1777 1322 2054 1356 exactement
2090 1330 2100 1356 :

455 1392 471 1414 <‹
493 1384 655 1425 porter‚
682 1380 838 1415 e'tablir
864 1380 966 1424 (une
990 1380 1065 1423 loi)
1090 1391 1118 1421 ›>,
1144 1379 1197 1414 cf.
1225 1379 1308 1415 Cic.
1340 1381 1400 1416 De
1425 1380 1521 1424 Ley.
1553 1380 1620 1415 III
1647 1380 1712 1422 16,
1737 1380 1789 1415 35
1817 1390 1825 1414 z
1852 1390 1867 1413 «
1890 1379 2096 1416 Carbonis

456 1442 522 1475 est
546 1439 678 1475 tertia
703 1439 807 1484 (lex)
834 1440 885 1474 de
912 1439 1106 1474 iubendis
1131 1438 1295 1484 legibus
1320 1450 1334 1472 »
1358 1449 1367 1481 ;
1394 1439 1446 1474 cf.
1475 1449 1627 1480 encore
1657 1438 1881 1474 Tite-Live
1909 1439 1968 1474 IV
1992 1439 2031 1482 5,
2056 1439 2098 1482 2,

455 1499 517 1534 VI
544 1499 610 1542 40,
640 1499 678 1542 7,
705 1501 749 1534 et
774 1508 875 1544 voy.
905 1499 1161 1541 Mommsen,
1193 1498 1311 1533 Ro'm.
1346 1498 1612 1540 StuatsrecM,
1648 1498 1716 1532 III
1742 1507 1814 1542 pp.
1844 1497 2024 1533 150-151
2054 1500 2099 1534 et

453 1559 548 1594 310.
566 1579 621 1583 —
677 1559 899 1603 Abrogant
917 1568 925 1592 :
943 1560 1083 1593 terme
1099 1557 1334 1601 technique
1352 1557 1582 1601 emprunte
1599 1557 1623 1592 3
1638 1556 1680 1591 13
1695 1556 1852 1601 langue
1869 1556 1928 1592 du
1945 1556 2062 1593 droit
2079 1566 2089 1592 :

455 1628 469 1651 ει
492 1618 685 1662 abroger,
721 1617 900 1651 annuler
923 1628 949 1651 ».
988 1616 1106 1651 Nous
1139 1619 1397 1651 retrouvons
1431 1615 1485 1650 ici
1519 1618 1634 1651 cette
1669 1614 1933 1659 opposition,
1966 1617 2094 1650 toute

452 1676 702 1719 stoicienne,
733 1679 853 1712 entre
881 1675 919 1711 le
948 1683 1048 1720 sage
1077 1675 1151 1720 qui
1181 1673 1346 1710 n'obeit
1376 1674 1478 1719 qu’a
1507 1674 1550 1709 13
1578 1674 1723 1709 raison
1754 1676 1797 1710 et
1826 1673 1864 1709 le
1893 1673 2092 1718 vulgaire

453 1736 528 1782 qui
557 1738 622 1771 est
641 1735 679 1770 le
707 1735 829 1779 jouet
859 1736 912 1770 de
941 1734 1107 1770 fausses
1139 1734 1351 1778 opinions.
1374 1734 1501 1779 Voy.,
1529 1734 1552 1769 3
1583 1743 1630 1769 ce
1660 1733 1789 1778 qu'et,
1819 1732 1862 1768 13
1890 1735 1994 1768 note
2023 1742 2097 1768 sur

450 1795 729 1840 opinionibus
754 1795 835 1839 (IV
859 1794 916 1838 3).

533 1854 602 1890 VI.
642 1855 677 1889 l.
711 1874 766 1877 —
799 1854 982 1889 Remoto
1018 1851 1176 1888 indicio
1215 1862 1223 1886 :
1264 1851 1317 1887 ef.
1359 1851 1615 1897 Plutarque,
1658 1853 1720 1888 De
1759 1851 1871 1887 Exil.
1911 1850 2048 1886 602Β
2088 1859 2098 1885 t

456 1928 477 1948 α
497 1918 553 1950 Ἂν
580 1917 641 1960 γὰρ
668 1918 794 1959 σκοπῇς
821 1919 920 1948 ἄνευ
948 1921 1066 1956 κενῆς
1097 1918 1220 1954 δόξης
1244 1917 1303 1955 τὴν
1335 1915 1567 1954 ὰλὴθειαν.....
1589 1924 1603 1946 ))
1643 1931 1698 1935 -—
1752 1909 1975 1947 Plurium:
2020 1920 2036 1944 (ί
2056 1909 2100 1944 la

458 1973 650 2017 plupart,
693 1972 736 2008 13
772 1972 973 2016 majorite'
998 1982 1012 2004 »
1050 1971 1284 2016 (plerique).
1325 1970 1383 2005 Le
1420 1969 1682 2015 comparatis
1718 1969 1922 2015 provient
1958 1969 2011 2004 de
2048 1979 2097 2004 ce

454 2042 539 2078 que
566 2032 755 2068 l'auteur
783 2032 920 2066 divise
946 2030 1005 2066 les
1034 2031 1228 2065 homines
1258 2039 1310 2065 en
1337 2030 1445 2065 deux
1471 2029 1640 2065 classes.
1672 2049 1728 2054 -—
1785 2029 1928 2065 Prima
1953 2038 2099 2064 rerum

453 2091 613 2137 speeies
637 2102 645 2126 :
669 2091 722 2126 cf.
745 2091 876 2135 frons,
900 2091 936 2125 V
958 2090 997 2133 6,
1021 2092 1063 2125 et
1085 2089 1126 2124 la
1148 2092 1263 2124 note.
1286 2109 1341 2113 —-
1380 2090 1620 2135 Vtcumque
1645 2099 1653 2124 :
1677 2088 1730 2124 cf.
1759 2089 1776 2123 I
1800 2089 1820 2124 1
1847 2090 1891 2123 et
1911 2087 1954 2123 13
1974 2089 2095 2123 note.

454 2172 509 2176 —
539 2151 647 2194 Quid
677 2150 733 2186 sit
763 2149 940 2185 exilium
972 2160 980 2184 ε
1015 2152 1150 2184 avant
1182 2149 1234 2184 de
1266 2158 1536 2183 commencer
1567 2148 1605 2183 le
1634 2147 1906 2190 traitement,
1937 2146 1968 2182 il
1997 2146 2096 2182 faut

455 2210 678 2246 connaitre
706 2211 981 2245 exactement
1010 2208 1051 2243 13
1079 2211 1235 2244 nature
1264 2208 1321 2242 clu
1351 2207 1451 2243 mal.
1484 2207 1606 2243 Cette
1636 2207 1824 2242 division
1853 2209 1918 2242 est
1945 2205 2095 2241 claire-

454 2272 576 2305 ment
602 2269 805 2314 indiquee
833 2269 939 2303 dans
967 2268 1009 2303 13
1038 2267 1307 2304 Consolation
1334 2267 1359 2302 ὰ
1389 2266 1557 2303 Marcia
1585 2267 1700 2302 XIX
1728 2267 1747 2301 1
1780 2276 1788 2301 :
1818 2265 2093 2301 «Videamus

454 2328 644 2374 primum
673 2328 774 2373 quid
803 2328 1045 2363 curandum
1075 2327 1145 2369 sit,
1177 2326 1332 2361 deinde
1362 2326 1721 2372 quemadmodum.
1747 2337 1761 2358 »
1790 2326 1899 2371 Voy.
1933 2324 2092 2360 Introd.

464 2390 483 2433 ἓ
504 2388 570 2431 21,
593 2390 636 2423 et
657 2388 710 2422 cf.
734 2397 886 2423 encore
910 2387 991 2432 Ep.
1016 2386 1133 2422 XCV
1155 2386 1206 2421 54
1229 2396 1236 2420 :
1261 2396 1276 2418 «
1298 2385 1589 2421 Aestimemus
1610 2385 1780 2430 singula
1799 2385 1917 2429 fama
1935 2385 2091 2420 remota

455 2451 498 2483 et
518 2457 793 2493 quaeramus,
814 2447 914 2492 quid
932 2446 1032 2489 sint,
1054 2456 1138 2481 non
1158 2445 1259 2490 quid
1279 2447 1488 2480 uocantur.
1513 2456 1527 2478 »
1547 2465 1602 2470 —
1656 2445 1815 2489 Nempe
1836 2454 1845 2479 ε
1867 2443 1920 2479 cf.
1943 2443 2031 2479 VII
2051 2443 2092 2479 7.

453 2527 508 2532 —
550 2506 650 2542 Loci
697 2506 980 2541 commutatio
1015 2516 1023 2540 ε
1076 2503 1176 2550 voy.
1234 2505 1389 2540 Introd.
1446 2505 1465 2549 ξ
1516 2504 1582 2539 21.
1632 2524 1687 2528 —
1752 2504 1813 2539 Ne
1860 2505 2092 2548 angustare

453 2566 644 2602 uidear...
694 2570 735 2600 et
778 2566 1028 2600 subtrahere
1052 2574 1060 2599 :
1105 2563 1454 2606 sous-entendez,
1481 2563 1603 2608 apres
1647 2565 1762 2598 cette
1809 2563 1980 2607 phrase,
2031 2570 2092 2596 un

454 2625 585 2660 verbe
613 2624 673 2659 tel
702 2634 785 2669 que
817 2634 825 2658 ;
857 2623 933 2668 «je
961 2622 1220 2666 t'avouerai,
1249 2622 1291 2666 je
1319 2625 1363 2658 te
1393 2622 1502 2658 dirai
1531 2631 1614 2667 que
1637 2633 1664 2657 ›>.
1697 2622 1821 2658 Cette
1850 2620 1996 2666 ellipse
2025 2622 2092 2656 est

454 2684 681 2729 frequente
710 2693 762 2718 en
789 2683 912 2726 latin,
948 2682 1001 2718 cf.
1040 2682 1209 2725 Plaute‚
1250 2681 1405 2727 Amph.
1441 2682 1554 2717 330:
1592 2692 1606 2715 «
1628 2680 1713 2716 Vix
1749 2680 1902 2716 incedo
1934 2678 2093 2722 inanis,

454 2753 508 2778 ne
536 2743 596 2778 ire
626 2752 751 2787 posse
782 2752 880 2777 cum
911 2751 1038 2777 onere
1068 2741 1303 2777 existumes
1328 2752 1343 2774 »
1373 2743 1417 2776 et
1447 2739 1673 2775 Tite-Live
1708 2740 1751 2775 II
1782 2739 1848 2783 12,
1881 2738 1962 2774 15:
1995 2749 2011 2773 «
2033 2739 2094 2774 Vt

455 2801 666 2838 beneficio
686 2801 835 2837 tuleris
857 2811 882 2836 a
902 2812 970 2837 me
991 2801 1107 2846 quod
1128 2799 1254 2835 minis
1275 2799 1478 2845 nequisti,
1498 2798 1684 2835 trecenti
1704 2797 2025 2834 coniurauimus
2041 2808 2058 2831 »
2079 2807 2091 2840 ;

455 2861 508 2896 cf.
545 2870 697 2896 encore
730 2860 921 2895 d'autres
956 2859 1172 2904 exemples
1207 2859 1308 2894 chez
1343 2859 1537 2904 Seneque
1572 2868 1581 2893 z
1621 2859 1682 2894 De
1718 2858 1823 2893 Ben.
1862 2857 1921 2893 IV
1954 2857 1993 2900 9,
2028 2856 2088 2899 1;

459 2922 520 2956 De
546 2920 671 2956 Clem.
702 2920 719 2954 I
743 2919 782 2962 9,
808 2919 856 2954 11
883 2930 893 2962 ;
923 2920 984 2955 De
1011 2919 1082 2953 Ira
1110 2918 1126 2953 I
1150 2918 1218 2960 3u,
1244 2918 1280 2952 1.
1314 2937 1369 2942 —-
1428 2918 1671 2963 Sequuntur
1697 2926 1706 2951 :
1732 2927 1747 2950 «
1769 2915 2038 2952 comitantur
2059 2926 2090 2958 »,

456 2980 509 3014 cl.
533 2979 683 3016 Medea
700 2979 780 3014 404
800 2989 808 3013 ε
829 2989 844 3012 «
867 2978 1052 3014 Noctem
1069 2979 1288 3023 sequentur
1305 2979 1435 3013 astra.
1462 2987 1476 3010 »
1493 2977 1548 3013 Ce
1565 2985 1660 3012 sens
1679 2978 1744 3012 est
1759 2975 1963 3021 frequent
1980 2974 2089 3010 dans
