2195 3345
302 630 340 665 pe

423 212 482 256 50
722 227 763 258 L.
800 227 965 259 ANNAEI
999 229 1193 261 SENECAE
1226 231 1546 264 DIALOGORUM
1568 234 1662 266 LIB.
1686 234 1755 266 XII

415 347 688 400 sequeretur
727 359 735 387 ε
771 345 818 386 iu
854 358 947 402 qua
981 346 1097 389 nihil
1130 348 1243 391 mali
1275 362 1390 400 esse,
1427 350 1639 407 quisquis
1672 353 1811 395 modo
1847 355 2057 398 nondum

416 415 633 470 peruenit
677 415 724 457 in
770 416 1003 460 insaniam
1063 419 1221 461 omnia
1269 420 1589 464 subuertentis
1633 423 1862 467 auaritiae
1913 428 2057 482 atque

415 486 643 536 luxuriae,
684 487 931 543 intellegit.
975 488 1267 542 Quantulum
1307 493 1431 535 enim
1472 497 1560 543 est,
1603 495 1728 550 quod
1768 495 1816 537 in
1855 497 2057 539 tutelam

416 557 618 600 hominis
642 559 953 602 necessarium
976 564 1050 602 est
1076 561 1084 603 !
1108 564 1158 603 et
1180 562 1253 605 cui
1277 563 1434 606 deesse
1459 564 1547 607 hoc
1569 568 1729 621 potest
1749 566 1893 609 ullam
1916 567 2057 610 modo

415 629 644 672 uirtutem
684 629 930 672 habenti?
969 631 1103 685 Quod
1141 633 1201 676 ad
1239 647 1312 676 me
1352 634 1541 690 quidem
1581 636 1802 693 pertinet,
1839 638 2058 694 intellego

418 713 489 742 me
511 713 603 742 non
623 713 751 756 opeS,
772 701 851 743 sed
872 703 1207 759 occupationes
1227 705 1499 761 perdidisse.
1521 707 1736 763 Corporis
1753 709 1923 765 exigua
1943 709 2064 752 desi—

417 771 544 814 deria
572 775 713 815 sunt:
746 772 894 828 frigus
920 776 1205 818 summoueri
1233 776 1350 825 uolt,
1372 777 1610 821 alimentis
1641 780 1815 822 famem
1847 793 1902 823 ac
1932 780 2061 823 sitim

414 842 688 898 extinguere
715 857 725 893 3
758 843 988 901 quidquid
1019 849 1153 889 extra
1187 847 1550 903 concupiscitur,
1581 850 1727 900 uitiis,
1760 863 1853 893 non
1883 851 2063 902 usibus,

416 913 675 956 laboratur.
710 915 816 958 Non
847 920 921 958 est
951 929 1136 960 necesse
1168 931 1306 960 omne
1340 921 1624 975 perscrutari
1656 922 1945 977 profundum
1978 935 2063 966 nec

415 988 569 1040 strage
595 986 872 1030 animalium
897 992 1113 1031 uentrem
1139 1002 1331 1032 onerare
1358 1003 1443 1033 nec
1468 991 1713 1047 conchylia
1739 992 1895 1035 ultimi
1920 994 2064 1036 maris

496 1117 538 1149 N.
561 1118 595 1149 C.
622 1135 656 1139 —
682 1117 717 1149 X
737 1118 768 1149 1.
797 1119 1035 1149 necessarium
1070 1120 1118 1150 sil
1152 1119 1212 1157 A;
1248 1121 1487 1152 necessarium
1523 1124 1571 1153 est
1606 1122 1667 1161 (st)
1702 1122 1810 1162 scrip.
1850 1123 1971 1155 Gertz.
2013 1141 2048 1146 —

421 1171 456 1203 X
475 1171 508 1203 2.
536 1172 754 1203 summoneri
775 1172 807 1202 A
827 1181 836 1209 ;
857 1172 1065 1204 submouere
1087 1172 1159 1205 duo
1185 1173 1217 1203 D
1239 1176 1276 1205 et
1297 1181 1357 1213 ug.

428 1305 448 1350 ξ
468 1304 535 1340 24.
559 1327 613 1330 -
637 1305 891 1350 Seque-retur
915 1315 922 1339 :
948 1305 1000 1340 cf.
1028 1305 1089 1340 VI
1113 1306 1149 1340 1.
1173 1327 1228 1331 ——
1249 1306 1298 1341 In
1321 1316 1449 1352 qua...
1473 1306 1681 1353 intellegit
1704 1318 1712 1342 :
1737 1307 1778 1343 la
1799 1317 1922 1353 prop.
1945 1307 2021 1344 inf.
2048 1319 2055 1344 :

421 1364 466 1400 in
491 1374 574 1410 qua
598 1364 709 1400 nihil
735 1365 837 1400 mali
863 1375 948 1400 esse
975 1365 1145 1409 depend
1172 1365 1229 1400 du
1254 1365 1387 1401 verbe
1416 1366 1628 1412 inlelleyit,
1656 1367 1764 1403 dont
1788 1367 1827 1403 le
1852 1368 1968 1413 sujet
1994 1371 2058 1405 est

418 1423 458 1460 le
489 1425 629 1460 meme
662 1434 744 1469 que
777 1423 885 1459 celui
917 1425 969 1460 de
1000 1424 1205 1470 peruenit,
1240 1425 1264 1460 a
1295 1424 1438 1461 savoir
1469 1425 1672 1475 quisquis.
1707 1448 1761 1452 —
1817 1427 2015 1464 Tutelam
2049 1437 2057 1463 ε

420 1483 472 1519 cf.
497 1483 562 1519 IX
582 1484 617 1518 1.

506 1543 544 1578 2.
577 1563 632 1567 —
693 1542 858 1588 Exigua
883 1543 1090 1580 desideria
1117 1554 1125 1578 :
1152 1553 1224 1579 sur
1248 1543 1286 1579 le
1311 1553 1406 1579 sens
1433 1544 1487 1580 de
1511 1544 1777 1587 desiderium,
1815 1555 1915 1591 voy.
1943 1546 2010 1582 XI
2035 1545 2060 1582 3

421 1604 463 1638 et
481 1601 523 1637 la
541 1605 657 1638 note.
681 1602 826 1638 L’idee
846 1602 1117 1648 qu’exprime
1134 1602 1188 1638 ici
1209 1604 1404 1648 seneque
1424 1603 1532 1640 etait
1552 1604 1747 1640 devenue
1764 1614 1824 1640 un
1841 1604 1925 1640 lieu
1945 1614 2060 1641 com-

422 1671 527 1698 mun
562 1661 911 1707 philosophique,
948 1663 1088 1698 meme
1123 1663 1225 1698 chez
1268 1663 1327 1698 les
1371 1662 1624 1707 epicuriens,
1661 1663 1714 1699 cf.
1753 1663 1951 1709 Epicure,
1989 1674 2056 1709 ap.

418 1721 545 1757 Joan.
575 1722 695 1757 Stob.
730 1721 874 1757 Floril.
908 1723 1038 1758 XVII
1065 1722 1117 1757 23
1146 1723 1342 1765 (Usener.
1373 1723 1597 1767 Epicurea,
1631 1733 1672 1767 p.
1694 1723 1823 1767 300):
1854 1728 1997 1771 «Χάρις
2019 1730 2059 1770 τῇ

418 1786 561 1828 μακαρίᾳ
579 1785 689 1824 Φὺσει,
705 1788 753 1818 ὅτι
767 1786 807 1817 τὰ
825 1786 987 1828 ἀναγκαῖα
1003 1786 1154 1825 ἐποίησεν
1163 1785 1358 1829 ἐὖτ-πόματα,
1375 1786 1414 1818 τᾶ
1429 1788 1464 1819 δὲ
1480 1788 1679 1830 δυσπόριστα
1694 1787 1752 1819 οὐκ
1769 1787 1944 1830 ἀναγκαῖα.
1960 1794 1974 1817 ὶ)
1996 1783 2057 1820 Cf.

422 1850 573 1876 encore
598 1840 681 1877 Cic.
717 1841 835 1876 Tusc.
864 1841 931 1876 III
955 1841 1021 1884 20,
1047 1842 1120 1885 493
1143 1842 1181 1877 V
1196 1841 1263 1884 32,
1279 1841 1343 1877 89.
1360 1842 1417 1877 Le
1431 1843 1601 1885 maitre‚
1623 1842 1854 1886 d'ailleurs‚
1877 1842 2060 1879 donnait

421 1899 649 1945 l’exemple
674 1899 896 1936 lui-meme
916 1900 1018 1946 (Cic.
1051 1902 1169 1937 Tusc.
1192 1902 1229 1937 V
1248 1901 1315 1944 32,
1336 1902 1420 1947 89).
1452 1922 1508 1927 ——
1562 1901 1728 1938 vitiis...
1750 1902 1897 1938 usibus
1918 1913 1926 1938 :
1948 1902 2060 1939 datis

422 1962 659 2005 marquant
677 1959 716 1995 le
743 1960 826 2004 bui,
843 1960 1047 2006 frequent
1063 1961 1165 1996 chez
1180 1960 1239 1996 les
1257 1961 1406 2006 poetes
1423 1960 1616 2007 (cf.Virg.
1638 1963 1742 1998 Aen.
1765 1962 1809 1997 II
1825 1962 1924 1998 798:
1941 1972 1956 1995 «
1969 1961 2062 1998 Col-

420 2019 581 2055 lectam
600 2019 724 2055 exilio
743 2020 905 2064 pubem
930 2020 961 2065 »)
982 2022 1024 2056 et
1043 2020 1146 2056 chez
1173 2020 1359 2057 certains
1384 2024 1632 2066 prosateurs
1659 2021 1711 2056 de
1735 2021 1959 2066 l'Empire,
1983 2031 2062 2067 par

423 2079 618 2123 exemple
636 2079 831 2124 seneque
847 2079 931 2124 (De
951 2079 1042 2115 Otio
1057 2080 1128 2115 V1
1144 2090 1152 2114 :
1170 2080 1586 2126 «contemplationiet
1597 2080 1753 2116 actioni
1767 2091 1802 2124 »;
1821 2083 1883 2118 De
1909 2081 2059 2127 Tranq.

427 2139 509 2175 An.
535 2139 577 2174 X
598 2139 621 2174 2
641 2149 649 2173 :
675 2149 689 2171 «
712 2140 926 2175 aerumnis
943 2151 979 2183 »;
1007 2140 1088 2185 Ep.
1114 2140 1356 2176 LXXVIII
1385 2140 1460 2176 16:
1485 2150 1500 2173 «
1520 2139 1876 2186 praedicationi»)
1897 2143 1941 2177 et
1961 2141 2063 2176 chez

423 2197 572 2234 Tacite
601 2198 757 2243 (Germ.
791 2199 1000 2235 XXXIII
1033 2209 1040 2234 :
1074 2210 1088 2233 <‹
1116 2199 1389 2235 Oblectationi
1418 2200 1628 2245 oculisque
1658 2198 1907 2236 ceciderunt
1929 2211 1977 2244 »3
2007 2200 2060 2235 cf.

423 2267 575 2293 encore
601 2258 713 2295 Hist.
747 2259 763 2294 I
790 2259 857 2302 44,
888 2259 931 2294 II
958 2259 1009 2295 10
1034 2269 1043 2302 ;
1074 2260 1189 2295 Ann.
1221 2259 1280 2294 IV
1306 2259 1389 2303 72).
1418 2260 1456 2294 A
1479 2258 1523 2294 la
1547 2258 1668 2304 place
1695 2259 1747 2294 de
1773 2269 1819 2295 ce
1851 2258 1977 2303 datis,
2002 2259 2062 2295 les

423 2320 672 2362 prosateurs
696 2317 929 2363 classiques
955 2318 1191 2363 emploient
1224 2319 1277 2354 ad
1305 2321 1349 2355 et
1375 2318 1496 2354 l'acc.
1519 2340 1574 2344 —-
1632 2318 1901 2354 Proiundum
1924 2329 1932 2354 :
1969 2321 2063 2355 mot

424 2377 645 2423 poetique,
675 2387 775 2423 voy.
810 2378 966 2413 Introd.
1008 2379 1026 2423 ξ
1055 2378 1108 2414 32
1137 2380 1180 2414 et
1209 2378 1263 2414 cf.
1296 2378 1459 2413 Lucain
1493 2378 1558 2413 IX
1585 2378 1665 2414 308
1696 2388 1705 2413 τ
1736 2389 1751 2411 «
1774 2378 2062 2424 Abruptaque

422 2440 537 2473 terra
578 2436 786 2482 profundo
810 2448 837 2472 ».
870 2458 925 2462 —-
987 2437 1217 2482 conchylia
1259 2447 1268 2472 z
1312 2448 1326 2470 «
1349 2436 1608 2483 coquillages
1633 2449 1647 2471 »
1688 2447 1740 2473 en
1781 2437 1967 2483 general,
2007 2437 2063 2474 ici

425 2508 440 2529 «
461 2496 625 2532 huitres
649 2508 663 2530 »
692 2496 1038 2540 probablement.
1069 2502 1146 2523 —‘
1179 2496 1326 2533 Vltimi
1355 2497 1486 2534 maris
1517 2508 1525 2532 ε
1554 2496 1831 2542 Juste-Lipse
1859 2505 2063 2542 suppose,

426 2566 532 2592 avec
553 2563 671 2591 assez
694 2556 746 2591 de
766 2556 924 2600 raison,
948 2555 1053 2602 qu'il
1075 2555 1203 2601 s'agit
1225 2557 1277 2592 de
1298 2556 1340 2592 la
1362 2557 1544 2593 Manche
1565 2556 1708 2602 (RIare
1732 2556 2062 2601 Britannicum).

427 2616 506 2651 Les
537 2615 701 2651 huitres
735 2616 786 2650 de
818 2616 1041 2661 Rutupiae
1071 2615 1418 2661 (Richborough,
1452 2616 1588 2661 Kent)
1618 2638 1674 2642 —
1703 2626 1810 2652 avec
1839 2616 2064 2660 beaucoup

428 2675 618 2711 d'autres
648 2674 879 2719 d'ailleurs,
908 2685 1008 2722 voy.
1039 2676 1147 2710 dans
1177 2676 1246 2711 P.-
1258 2677 1316 2712 W.
1344 2675 1458 2711 l'art.
1502 2677 1698 2720 Austern,
1725 2697 1781 2701 —-
1807 2674 1985 2718 etaient,
2013 2685 2066 2710 en

428 2734 548 2778 effet,
581 2735 855 2770 recherchees
891 2735 963 2770 des
999 2737 1219 2780 gom-mets
1255 2735 1306 2770 de
1342 2736 1480 2771 Rome
1528 2734 1600 2780 (cf.
1634 2734 1823 2771 Juvenal
1860 2734 1919 2770 IV
1952 2735 2064 2779 141).

429 2795 510 2832 Sur
530 2794 569 2829 le
591 2794 697 2839 gout
719 2794 793 2830 des
819 2794 1028 2830 Romains
1052 2804 1161 2839 pour
1183 2794 1243 2830 les
1267 2794 1431 2831 huitres
1454 2816 1509 2820 ——
1531 2794 1636 2839 gout
1660 2794 1734 2840 qui
1756 2793 1919 2830 semble
1941 2794 2066 2830 dater

428 2855 485 2890 du
513 2854 649 2890 debut
679 2854 737 2888 du
771 2854 830 2889 Ier
845 2853 970 2889 siecle
999 2864 1066 2889 av.
1085 2854 1193 2890 J.-C.
1213 2876 1281 2897 —,
1301 2854 1354 2889 cf.
1376 2853 1510 2898 Pline‚
1531 2855 1629 2891 Nat.
1649 2853 1762 2891 Hist.
1783 2854 1967 2890 XXXII
1985 2854 2037 2890 59
2055 2863 2064 2888 :

430 2926 444 2947 <‹
468 2914 557 2949 Nec
587 2915 734 2958 potest
765 2912 902 2949 uideri
934 2913 1040 2949 satis
1075 2912 1242 2949 dictum
1274 2923 1364 2949 esse
1397 2914 1448 2949 de
1478 2912 1528 2949 iis
1561 2913 1765 2958 (ostreis),
1799 2923 1892 2949 cum
1922 2913 2066 2959 palma

428 2983 666 3009 mensarum
694 2972 767 3008 diu
797 2972 882 3008 iam
909 2973 1118 3008 tribuatur
1147 2973 1278 3010 illis.»
1306 2973 1367 3010 Cf.
1398 2982 1549 3009 encore
1577 2973 1780 3016 Suetone,
1817 2973 1908 3008 Tib.
1935 2972 2064 3010 XLII
