2154 3377
351 237 412 268 AD
445 237 666 270 HELVIAM
699 237 903 270 MATREM
938 237 1000 269 DE
1032 237 1414 275 CONSOLATIONE,
1451 239 1553 271 11-1v
1737 229 1765 273 9

125 360 318 404 modum
356 359 533 402 tirones
570 357 736 401 leuiter
773 356 919 399 saucii
958 359 1118 399 tamen
1156 355 1478 400 uociferantur
1514 361 1564 400 et
1600 371 1770 403 manus

123 430 413 475 medicorum
439 429 589 485 magis
614 440 757 484 quarn
783 427 959 470 ferrum
987 427 1193 477 horrent,
1219 431 1274 470 at
1297 429 1509 470 ueterani
1551 432 1769 486 quamuis

123 501 325 546 confossi
347 501 583 558 patienter
602 511 659 542 ac
677 499 775 542 sine
795 498 975 554 gemitu
996 498 1129 541 uelut
1147 499 1298 542 aliena
1321 511 1515 556 corpora
1535 502 1770 545 exsaniari

124 571 389 630 patiuntur,
426 571 493 614 ita
530 574 584 614 tu
620 582 746 613 nunc
779 569 922 612 debes
957 570 1144 614 fortiter
1180 570 1401 626 praebere
1437 574 1484 614 te
1521 572 1770 615 curationi.

123 642 514 688 Lamentationes
555 641 745 698 quidem
786 644 837 684 et
877 641 1114 685 heiulatus
1152 645 1203 684 et
1241 642 1349 692 alia,
1391 656 1473 699 per
1515 656 1634 700 quae
1675 643 1771 686 fere

124 713 364 757 muliebris
384 713 516 756 dolor
535 712 875 762 tumultuatur,
895 724 1064 755 amoue
1091 727 1101 761 ;
1123 713 1369 769 perdidisti
1388 714 1513 757 enim
1534 718 1611 758 tot
1629 715 1770 765 mala,

127 784 165 828 si
195 784 407 828 nondum
438 783 607 826 misera
638 797 736 826 esse
769 783 993 826 didicisti.

216 854 291 898 lv.
328 880 374 886 —-
407 854 590 911 Ecquid
620 854 783 897 uideor
811 867 905 896 non
934 854 1099 897 timide
1129 858 1286 898 tecum
1315 856 1460 912 egisse
1489 857 1513 899 ἱ)
1541 857 1657 900 nihil
1684 857 1772 900 tibi

124 925 332 971 subduxi
363 939 425 969 ex
455 926 592 969 malis
624 926 734 976 tuis,
769 926 849 968 sed
882 926 1041 968 omnia
1082 930 1360 970 coaceruata
1394 931 1505 971 ante
1540 932 1586 972 te
1620 930 1772 986 posui.

124 996 296 1054 Magno
328 997 375 1040 id
405 997 563 1040 animo
594 997 683 1040 feci
709 1012 720 1047 ;
751 997 977 1040 constitui
1005 997 1131 1040 enim
1161 997 1347 1041 uincere
1378 999 1587 1042 dolorem
1618 1004 1772 1051 tuum,

126 1080 220 1112 non
242 1068 637 1112 circumscribere.
661 1067 857 1110 Vincam
878 1070 1057 1117 autem,
1080 1071 1214 1124 puto,
1238 1069 1442 1125 primum
1465 1070 1502 1112 si
1523 1071 1773 1115 ostendero

126 1139 243 1182 nihil
277 1153 351 1183 me
388 1139 505 1196 pati,
542 1141 735 1195 propter
771 1137 898 1194 quod
934 1138 1033 1195 ipse
1069 1139 1161 1182 dici
1196 1140 1371 1196 possim
1407 1141 1561 1191 miser,
1599 1143 1773 1186 nedum

127 1214 321 1268 propter
351 1211 476 1267 quod
507 1210 700 1252 miseros
727 1209 873 1252 etiam
903 1221 1021 1266 quos
1050 1210 1271 1267 contingo
1301 1212 1472 1254 faciam
1501 1227 1511 1262 ;
1540 1213 1708 1256 deinde
1737 1213 1774 1256 si

207 1383 249 1415 Ν.
270 1383 306 1415 C.
331 1401 366 1406 -
394 1384 451 1415 111
470 1384 501 1415 1.
517 1384 619 1421 exsal
636 1383 720 1414 nari
736 1384 1143 1421 A;eaesaniariJu1-etus
1155 1388 1193 1417 et
1211 1385 1355 1426 Lipsius
1369 1396 1377 1425 ;
1393 1389 1547 1419 exsecari
1564 1396 1633 1419 ex«
1651 1391 1774 1421 uetere

129 1436 286 1469 lectione
320 1436 486 1468 Pinciani
507 1447 520 1466 ι
552 1435 636 1468 edd.
670 1443 730 1476 ug.
767 1436 851 1468 inde
887 1445 908 1469 a
946 1437 1103 1477 Mureto,
1137 1439 1238 1479 quod
1272 1440 1438 1472 defendit
1474 1440 1694 1474 Gronouius.
1734 1459 1770 1466 -—

133 1490 193 1523 111
210 1489 244 1523 2.
263 1490 425 1522 multet-is
455 1491 512 1528 A;
531 1490 717 1521 muliebris
739 1498 850 1522 nonn.
869 1490 901 1522 D
921 1493 959 1523 et
979 1498 1039 1531 ug.
1059 1492 1143 1523 inde
1163 1501 1184 1524 a
1202 1492 1358 1525 Mureto.
1382 1511 1417 1516 —
1442 1494 1491 1526 IV
1511 1495 1542 1526 1.
1563 1504 1636 1527 non
1654 1496 1777 1528 timide

132 1544 193 1581 Α;
221 1543 345 1575 timide
373 1550 463 1582 ug.;
492 1551 589 1574 nunc
618 1543 741 1574 timide
770 1544 1020 1583 Wesenberg;
1049 1547 1151 1577 modo
1179 1547 1302 1578 timide
1331 1548 1386 1578 W.
1420 1548 1572 1580 Gemoll.

130 1705 280 1751 (Perse
305 1705 373 1740 ΙΙΙ
394 1705 480 1750 30).
500 1705 552 1741 Je
574 1704 682 1740 crois
704 1703 810 1749 qu'il
831 1713 874 1740 se
894 1706 1078 1749 trompe.
1107 1704 1139 1740 Il
1161 1705 1235 1751 n’y
1256 1715 1280 1740 a
1301 1706 1408 1742 dans
1432 1710 1556 1744 notre
1578 1718 1774 1757 passage,

132 1764 157 1800 a
180 1774 283 1800 mon
308 1764 416 1808 avis,
441 1764 603 1809 qu'une
627 1763 768 1808 image
793 1763 899 1799 tiree
925 1764 976 1799 de
1000 1763 1042 1799 la
1066 1764 1291 1810 chirurgie.
1325 1786 1380 1790 —-
1436 1766 1612 1804 Tirones
1639 1780 1646 1804 :
1673 1781 1773 1817 voy.

132 1824 173 1860 la
203 1826 307 1860 note
337 1833 411 1859 sur
442 1824 698 1859 incursantis
729 1823 795 1868 (ΙΙ
827 1823 882 1868 5).
916 1844 971 1848 —
1028 1825 1085 1859 At
1115 1824 1286 1869 depend
1317 1835 1469 1861 encore
1501 1827 1553 1863 de
1583 1832 1775 1874 quemad-

134 1883 301 1919 modum
321 1886 365 1919 et
385 1883 581 1928 pourrait
602 1892 646 1918 se
665 1883 859 1918 traduire
879 1883 932 1918 ici
952 1892 1030 1927 par
1051 1894 1065 1917 «
1086 1884 1233 1919 tandis
1254 1894 1337 1930 que
1361 1896 1388 1919 ».
1422 1907 1476 1911 —
1535 1889 1742 1932 Quamuis
1767 1898 1776 1923 :

133 1942 188 1978 cf.
216 1943 258 1979 X
282 1943 320 1978 1.
352 1963 407 1967 —
468 1941 693 1978 Exsaniari
719 1952 727 1976 :
754 1951 906 1977 encore
930 1951 988 1977 un
1013 1944 1150 1979 terme
1175 1944 1227 1979 de
1251 1945 1485 1990 me'decine,
1511 1949 1563 1984 cf.
1594 1950 1725 1986 XVII
1751 1952 1774 1986 2

134 2002 490 2047 (monstraturus).

221 2061 260 2097 2.
292 2082 348 2086 —-
405 2060 624 2096 Muliebris
660 2061 780 2096 dolor
818 2071 826 2095 :
866 2070 965 2107 voy.
1006 2061 1113 2098 XVI
1153 2064 1171 2098 1
1213 2067 1256 2100 et
1292 2064 1330 2101 le
1367 2068 1690 2105 commentaire.
1724 2091 1778 2094 ———

136 2120 358 2156 Perdidisti
390 2131 399 2155 ;
457 2121 623 2166 perdere
680 2120 904 2164 (different
961 2121 1014 2156 de
1070 2123 1254 2159 amittere
1293 2141 1331 2154 Ξ
1367 2137 1382 2159 «
1412 2126 1571 2171 egarer,
1630 2128 1779 2165 laisser

137 2179 352 2224 echapper
375 2179 423 2224 »),
450 2179 619 2224 signifie
647 2190 662 2213 <‹
683 2179 840 2223 ruiner,
869 2180 1078 2225 depenser
1104 2192 1156 2217 en
1183 2192 1289 2227 pure
1315 2187 1436 2229 perte
1460 2198 1487 2229 »‚
1515 2197 1588 2232 per
1623 2192 1661 2229 —l-
1692 2189 1776 2233 do),

139 2239 194 2274 cf.
218 2239 333 2275 Rhet.
354 2239 419 2274 ad.
439 2239 539 2275 Her.
565 2239 622 2274 IV
639 2239 706 2282 44,
726 2239 776 2274 57
797 2249 805 2274 ;
827 2250 841 2273 «
865 2239 1020 2275 Decius
1039 2242 1182 2277 amisit
1199 2243 1353 2288 uitam,
1372 2247 1418 2280 at
1435 2255 1522 2281 non
1546 2248 1740 2292 perdidit.
1763 2261 1778 2281 n

143 2298 216 2341 Ici,
240 2307 296 2332 on
319 2297 517 2342 pourrait
542 2307 659 2333 assez
684 2297 781 2333 bien
805 2297 842 2333 le
866 2299 1018 2335 rendre
1040 2309 1119 2344 par
1144 2312 1152 2336 ε
1178 2314 1193 2335 «
1215 2303 1278 2340 Tu
1303 2313 1347 2338 as
1371 2305 1508 2348 perdu
1533 2305 1570 2341 le
1594 2307 1699 2343 fruit
1723 2308 1776 2343 de

141 2359 241 2393 tant
264 2356 533 2401 d'epreuves.
553 2369 567 2391 r>
593 2358 739 2402 Quant
763 2367 849 2392 aux
873 2358 1095 2403 epreuveS‚
1119 2371 1220 2406 voy.
1251 2362 1292 2397 II
1316 2364 1339 2398 3
1364 2365 1407 2399 et
1431 2364 1483 2399 cf.
1515 2366 1576 2401 De
1602 2366 1774 2402 Prouid.

140 2417 176 2452 V
207 2416 329 2452 10-11
364 2426 372 2450 :
405 2427 420 2450 α
446 2416 558 2461 Ignis
588 2425 742 2451 aurum
773 2417 945 2461 probat,
975 2419 1147 2455 miseria
1174 2421 1296 2465 sortes
1327 2423 1485 2459 uiros...
1517 2425 1704 2461 Humilis
1735 2428 1777 2462 et

138 2475 291 2511 inertis
309 2477 373 2510 est
390 2477 490 2511 tuta
506 2476 662 2511 sectari
681 2486 689 2510 ε
707 2486 780 2521 per
796 2477 880 2512 alta
898 2477 1032 2513 uirtus
1051 2479 1111 2513 it»
1133 2482 1176 2516 et
1195 2480 1277 2526 Ep.
1297 2481 1412 2518 XIII
1428 2484 1452 2519 3
1471 2494 1479 2518 ε
1505 2495 1519 2518 «
1543 2486 1775 2521 Multum...

140 2534 276 2570 adicit
304 2534 385 2569 sibi
412 2534 551 2570 uirtus
577 2534 789 2571 lacessita.
816 2548 830 2570 »

223 2594 289 2629 lv.
329 2593 364 2628 1.
397 2613 451 2618 —
484 2593 835 2630 circumscribere
867 2605 876 2630 ε
909 2607 924 2629 «
947 2596 1026 2632 Per
1056 2600 1175 2633 astus
1207 2602 1250 2635 et
1281 2601 1484 2647 ambages
1515 2603 1661 2640 fallere
1694 2616 1701 2639 ε
1733 2606 1776 2640 in

140 2653 289 2689 orbem
323 2652 521 2696 scribere,
557 2655 600 2689 et
635 2653 831 2699 cingere:
879 2657 928 2691 ut
963 2656 1318 2695 circumuenire.»
1351 2661 1674 2709 (Juste-Lipse).
1713 2665 1775 2700 Cf.

142 2711 222 2758 Ep.
248 2711 511 2747 LXXXVII
534 2712 583 2747 41
611 2723 620 2748 z
646 2724 661 2747 α
683 2713 827 2749 Satius
851 2716 917 2750 est
953 2724 1200 2761 expugnare
1235 2719 1447 2764 adfectus,
1483 2731 1569 2757 non
1603 2723 1777 2758 circum-

141 2771 317 2807 scribere
340 2783 354 2805 »
371 2773 415 2807 et
437 2771 505 2806 Ad
522 2772 615 2807 Hel.
636 2772 749 2807 XIX
768 2773 804 2808 7.
837 2793 892 2798 —
947 2774 1112 2811 Nedum
1131 2786 1138 2811 :
1157 2777 1320 2824 l'usage
1337 2779 1548 2826 classique
1565 2785 1670 2818 veut
1694 2792 1778 2827 que

142 2830 308 2874 nedum,
345 2839 512 2866 comme
547 2830 652 2867 c’est
686 2831 725 2867 le
760 2841 830 2867 cas
865 2831 933 2876 ici,
969 2835 1197 2880 complete,
1234 2847 1286 2873 en
1321 2837 1362 2874 la
1395 2840 1658 2885 reasons-ant,
1696 2851 1779 2877 une

143 2889 352 2934 premiere
383 2890 601 2935 negation.
636 2890 830 2936 Seneque
862 2901 914 2927 ne
944 2897 1137 2938 respecte
1168 2904 1245 2940 pas
1276 2899 1474 2943 toujours
1506 2902 1573 2935 cet
1604 2908 1734 2946 usage
1767 2911 1776 2936 :

146 2959 162 2983 e
183 2948 355 2985 Mouere
379 2949 448 2985 hic
471 2957 595 2984 casus
619 2950 857 2996 quemlibet
881 2955 1042 2996 posset,
1065 2955 1219 2991 nedum
1241 2956 1461 2993 hominem
1484 2959 1652 3004 patriae
1675 2969 1779 2996 suae
