2154 3377
399 241 461 272 AD
489 239 709 271 HELVIAM
746 238 948 270 MATREM
986 237 1049 269 DE
1072 237 1453 275 coNsOLA'rioNss‚
1478 238 1564 270 vin
1747 228 1804 273 39

168 360 328 415 (dum)
355 362 566 415 spectare
592 361 669 400 tot
691 369 771 413 pcr
796 359 983 398 noctem
1007 354 1168 398 stellas
1192 355 1412 398 micantis
1434 359 1484 398 et
1505 356 1622 398 alias
1646 357 1812 400 immo-

161 431 294 480 biles,
323 430 440 473 alias
470 442 563 471 non
594 429 640 470 in
669 437 894 482 magnum
923 426 1133 482 spatium
1160 426 1380 469 exeuntis
1408 427 1488 469 sed
1518 427 1643 469 intra
1672 441 1809 471 suum

160 515 211 545 se
263 499 625 555 circumagentis
675 497 944 552 uestigium,
1013 496 1243 553 quasdam
1294 497 1452 540 subito
1503 499 1811 554 erumpentis,

163 572 395 629 quasdam
425 571 528 627 igne
558 570 661 613 fuso
692 568 1082 624 praestringentis
1109 568 1274 618 aciem,
1305 568 1440 625 quasi
1468 569 1708 620 decidant,
1737 569 1814 612 uel

246 725 288 757 N.
309 725 346 757 C.
371 742 406 747 —
432 724 525 756 VIII
543 724 576 755 6.
606 723 762 755 uerbum
785 732 794 754 ε
829 723 915 754 dum
947 724 1032 763 post
1066 722 1204 754 tardius
1240 722 1325 754 add.
1353 721 1463 754 Gertz
1487 721 1578 762 (uid.
1608 721 1685 754 eius
1708 722 1810 755 Slud.

166 779 246 811 crit.
279 787 316 818 p.
341 777 436 817 159).
476 795 512 800 —
550 778 658 817 tunso
692 777 724 808 A
759 784 851 808 corr.
887 783 948 815 ug.
985 793 1021 798 —
1056 775 1391 816 praestringentes...
1424 775 1722 816 praeteruolanles
1749 777 1815 814 A;

167 831 502 874 praestrinyentis...
527 830 823 871 praeteruolanlis
845 829 953 870 scrip.
980 828 1101 861 Gertz.

170 962 279 999 Mais
298 962 438 998 sidera
458 971 482 996 a
502 960 631 1002 aussi,
653 970 704 995 en
725 959 852 1003 latin,
872 959 910 995 16
929 969 1025 995 sens
1046 959 1107 994 d'«
1130 958 1278 995 etoiles
1303 970 1317 992 »
1336 959 1408 1004 (cf.
1431 959 1514 995 Cic.
1546 960 1665 995 Tusc.
1687 959 1724 995 V
1743 959 1815 1002 24,

168 1021 222 1058 69
247 1032 257 1065 ;
283 1021 383 1057 Τ36.
418 1022 531 1057 Αηη.
562 1020 670 1056 XIV
696 1020 752 1064 5).
781 1040 835 1045 —
897 1018 1068 1054 Meaudi
1096 1029 1104 1053 2
1133 1018 1228 1063 plus
1255 1018 1458 1064 frequent
1484 1029 1537 1054 en
1564 1028 1688 1064 prose
1713 1027 1813 1054 sous

170 1091 220 1116 sa
240 1080 379 1116 forme
400 1079 628 1125 composee
648 1089 874 1114 commeare
894 1078 1004 1123 (Ges.
1032 1080 1093 1114 De
1117 1078 1167 1113 Β.
1196 1078 1240 1114 G.
1269 1078 1284 1113 Ι
1307 1078 1345 1121 1,
1367 1078 1424 1123 3),
1446 1077 1483 1113 16
1503 1077 1656 1122 simple
1677 1087 1813 1113 meare

170 1142 238 1176 est
260 1140 444 1179 reserve.
468 1139 576 1174 dans
597 1138 639 1173 13
660 1137 817 1183 langue
840 1137 1066 1183 classique,
1090 1138 1114 1173 a
1135 1137 1177 1172 la
1198 1137 1355 1182 poesie.
1376 1137 1485 1182 Voy.
1513 1137 1669 1172 Introd.
1703 1138 1722 1182 §
1743 1136 1810 1172 32.

171 1221 227 1226 --
252 1198 492 1245 vestigium
516 1208 525 1233 :
552 1208 567 1231 «
588 1197 710 1242 place
734 1199 887 1232 exacte
911 1208 939 1240 »‚
964 1206 1060 1232 sens
1083 1197 1303 1242 frequent,
1328 1196 1382 1232 cf.
1409 1197 1508 1233 Nat.
1536 1196 1700 1241 Quaesl.
1726 1196 1814 1231 VII

173 1259 240 1302 10,
261 1259 286 1295 3
307 1269 317 1294 ε
341 1269 356 1292 (ι
382 1258 431 1293 In
452 1257 604 1293 eodem
626 1256 803 1301 uestiyio
826 1268 855 1298 »,
878 1258 921 1292 et
941 1256 1041 1292 Tac.
1064 1256 1177 1293 Hist.
1204 1256 1247 1291 II
1269 1256 1345 1292 78:
1369 1266 1383 1289 «
1406 1255 1573 1291 Eodem
1595 1255 1771 1300 uestiyio
1785 1267 1815 1290 n.

172 1318 370 1363 seneque
393 1316 502 1352 croit
526 1316 638 1351 donc
660 1315 767 1361 qu’il
789 1315 926 1351 existe
949 1315 1022 1351 des
1045 1318 1180 1351 astres
1204 1315 1278 1361 qui
1301 1315 1568 1351 n'avancent
1591 1323 1683 1359 paS,
1706 1314 1815 1350 mais

172 1378 342 1413 restent
371 1376 395 1412 a
423 1375 465 1411 la
492 1376 633 1411 meme
661 1374 783 1419 place
812 1384 864 1410 en
884 1377 1096 1410 tournant
1113 1384 1185 1410 sur
1201 1375 1468 1410 eux—memes
1488 1373 1620 1418 (intra
1634 1383 1759 1409 suum
1773 1383 1816 1409 se

171 1435 497 1481 circumayentis
542 1434 800 1479 uesliyium).
844 1455 899 1460 —-
959 1433 1106 1470 Subito
1148 1433 1411 1479 erumpentis
1456 1444 1464 1468 :
1508 1433 1568 1468 les
1612 1433 1814 1468 cometes.

175 1495 373 1540 seneque
393 1494 485 1530 leur
507 1504 531 1529 a
552 1494 755 1529 consacre
775 1495 877 1530 tout
897 1493 935 1529 le
955 1492 1063 1529 livre
1083 1494 1170 1529 VII
1192 1494 1245 1529 de
1265 1503 1330 1529 ses
1356 1492 1580 1530 Naturales
1604 1492 1818 1537 Quaestio-

173 1565 262 1591 nes.
294 1574 350 1580 —-
407 1554 670 1598 Quasdam...
698 1552 821 1599 quasi
845 1553 1043 1589 decidant
1070 1563 1078 1588 :
1105 1552 1164 1588 les
1192 1552 1340 1588 etoiles
1367 1552 1558 1595 filanteS,
1585 1551 1638 1587 cf.
1664 1551 1817 1594 Ovide,

179 1614 280 1651 Met.
314 1613 357 1649 II
385 1613 462 1649 321
493 1622 543 1658 sq
572 1623 580 1647 ;
611 1622 625 1646 (ι
648 1612 803 1648 Fertur
829 1612 1080 1657 (phaeton),
1115 1615 1165 1648 ut
1198 1612 1421 1648 interdum
1455 1611 1508 1646 de
1542 1609 1660 1646 caelo
1692 1610 1818 1647 stella

178 1681 345 1716 sereno,
371 1673 386 1711 Ι
410 1672 503 1707 Etsi
524 1682 609 1708 non
631 1671 790 1714 cecidit,
825 1671 960 1717 potuit
980 1672 1174 1707 cecidisse
1196 1670 1347 1706 uideri.
1373 1682 1388 1705 »
1411 1671 1526 1707 Pour
1546 1670 1605 1706 les
1628 1669 1817 1712 anciens,

174 1732 238 1768 les
264 1731 414 1768 etoiles
438 1731 615 1767 filantes
640 1733 740 1766 sont
764 1740 850 1766 non
875 1731 949 1766 des
974 1740 1097 1776 corps
1122 1729 1293 1773 solides,
1318 1729 1427 1766 mais
1453 1730 1526 1765 des
1550 1729 1693 1765 lueurs
1718 1729 1818 1774 (sul-

175 1801 306 1837 yores,
343 1791 445 1836 σέλα)
481 1792 733 1826 traversant
770 1789 808 1825 le
845 1789 938 1833 ciel,
965 1789 1018 1825 cf.
1047 1791 1145 1827 Nat.
1174 1790 1338 1835 Quaest.
1371 1789 1388 1824 I
1420 1789 1485 1832 15,
1511 1789 1537 1824 2
1564 1799 1572 1824 :
1611 1799 1627 1823 «
1651 1789 1717 1824 Ex
1754 1788 1820 1824 his

172 1849 415 1896 fulgoribus
456 1849 661 1895 quaedam
701 1859 898 1894 praeceps
939 1851 1038 1885 eunt
1076 1849 1240 1885 similia
1280 1848 1600 1895 prosilientibus
1635 1848 1778 1884 stellis.
1804 1859 1819 1880 ι)

178 1910 260 1946 Sur
279 1908 476 1954 l’origine
498 1909 551 1944 de
572 1918 640 1944 ces
662 1907 821 1951 lueurs,
844 1918 945 1954 voy.
969 1908 1007 1944 16
1037 1910 1057 1954 ξ
1079 1909 1099 1944 1
1125 1909 1182 1944 du
1205 1909 1345 1944 meme
1366 1908 1495 1952 chap.
1519 1929 1574 1933 -
1629 1908 1787 1943 Tractu
1810 1917 1818 1941 :

179 1981 195 2003 α
217 1978 382 2012 course,
408 1968 621 2004 marche»
671 1967 816 2013 (autre
841 1978 962 2004 sens:
989 1969 1076 2004 VII
1104 1967 1160 2014 1).
1209 1968 1243 2003 Il
1285 1977 1314 2014 y
1357 1977 1383 2003 a
1418 1967 1473 2003 ici
1514 1965 1820 2003 reminiscence

177 2028 284 2064 d’un
312 2037 408 2063 vers
440 2027 492 2063 de
520 2026 681 2072 Virgile
709 2027 877 2072 (Georq.
912 2027 929 2062 I
958 2027 1038 2063 367
1069 2037 1077 2062 :
1109 2038 1124 2061 «
1147 2027 1445 2063 Flammarum
1473 2026 1616 2072 lonqos
1645 2036 1670 2062 a
1695 2029 1819 2072 tergo

178 2087 394 2122 albescere
422 2087 574 2122 tractus
588 2087 620 2132 »)
644 2085 729 2122 cite
748 2086 920 2122 ailleurs
942 2096 1021 2131 par
1044 2086 1239 2132 Seneque
1267 2086 1387 2131 (Nat.
1419 2086 1583 2131 Quaest.
1618 2086 1635 2121 I
1665 2086 1730 2129 14,
1760 2087 1819 2132 2).

179 2146 261 2183 Sur
283 2155 350 2182 ces
374 2145 600 2188 memores,
625 2145 678 2181 cf.
706 2146 803 2182 Sen.
831 2145 933 2181 ibid.
967 2147 1017 2191 ἓξ
1040 2145 1134 2181 3-5;
1161 2156 1176 2179 «
1200 2147 1295 2182 Hae
1317 2145 1441 2181 uelut
1463 2144 1614 2181 stellae
1637 2145 1822 2182 exiliunt

178 2207 224 2241 et
255 2204 535 2241 transuolant
567 2205 862 2251 uidenturque
894 2205 1072 2250 longum
1104 2204 1249 2250 ignem
1282 2204 1497 2250 porrigere
1530 2207 1708 2250 propter
1742 2204 1822 2241 im—

179 2273 375 2300 mensam
412 2263 697 2308 celeritatem,
734 2274 834 2300 cum
871 2263 981 2300 acies
1020 2266 1170 2300 nostra
1207 2274 1293 2299 non
1331 2264 1549 2299 discernat
1583 2264 1820 2301 transitum

177 2332 344 2366 earum,
380 2323 470 2366 sed,
507 2333 786 2370 quacumque
821 2326 1120 2367 cucurrerunt,
1154 2323 1200 2359 id
1234 2325 1382 2359 totum
1416 2323 1590 2369 igneum
1626 2324 1819 2360 credat...

180 2382 308 2418 Visus
330 2381 468 2418 nostri
488 2383 676 2419 tarditas
699 2393 786 2419 non
807 2382 1090 2429 subsequitur
1110 2385 1335 2419 momenta
1357 2382 1582 2426 currentis,
1605 2383 1680 2418 sed
1700 2383 1822 2419 uidet

176 2441 308 2478 simul
339 2443 383 2477 et
412 2441 529 2478 unde
560 2442 762 2478 exiluerit
793 2445 837 2478 et
868 2452 954 2488 quo
984 2441 1244 2487 peruenerit.
1280 2442 1407 2488 Quod
1436 2441 1490 2478 fit
1518 2441 1563 2477 in
1593 2441 1818 2478 fulmine...

183 2500 413 2545 Quomodo
440 2509 540 2546 ergo
566 2501 800 2547 prosiliunt
816 2502 835 2538 ‘2
864 2501 1022 2538 attritu
1049 2501 1157 2538 aeris
1183 2501 1293 2547 ignis
1319 2501 1519 2537 incensus
1541 2504 1674 2538 uento
1701 2511 1821 2547 prae-

181 2568 281 2604 ceps
311 2558 611 2604 impellitur,...
644 2570 977 2606 nonnumquam
1007 2563 1050 2597 et
1081 2560 1227 2606 aliqua
1257 2560 1558 2606 oportunitate
1589 2561 1696 2596 aeris
1726 2570 1822 2596 nas-

180 2618 309 2655 citur.
335 2630 350 2652 »
373 2640 429 2644 —
453 2618 648 2666 Seneque
672 2630 697 2656 a
720 2622 907 2656 souvent
930 2620 1123 2665 exprime
1145 2630 1223 2656 son
1247 2619 1512 2656 admiration
1535 2629 1645 2665 pour
1666 2620 1823 2655 l'ordre

183 2677 454 2723 magnifique
482 2678 555 2714 des
585 2680 764 2715 mondes
793 2679 911 2725 (voy.
941 2678 1037 2724 plus
1065 2679 1175 2715 haut
1211 2681 1230 2725 ξ
1259 2680 1298 2723 4,
1327 2681 1371 2715 et
1400 2679 1489 2715 XX
1518 2679 1557 2722 2,
1586 2678 1638 2714 cf.
1669 2687 1820 2714 encore

189 2737 252 2773 De
278 2737 452 2772 Prouid.
485 2737 503 2773 I
529 2737 553 2773 2
577 2749 587 2781 ;
617 2738 698 2781 Ep.
727 2738 878 2775 XCIII
903 2738 942 2781 9,
971 2738 1112 2775 XCIV
1138 2738 1223 2783 56),
1250 2737 1358 2774 mais
1384 2740 1603 2774 rarement
1629 2747 1734 2773 avec
1758 2747 1818 2772 un

181 2795 427 2832 sentiment
449 2796 545 2841 plus
568 2797 773 2844 poetique
797 2800 840 2834 et
862 2797 959 2842 plus
982 2798 1170 2843 profond
1193 2798 1251 2833 du
1275 2798 1464 2844 mystere
1487 2798 1539 2832 de
1561 2795 1716 2831 l'infini
1739 2806 1823 2841 que

187 2855 295 2890 dans
316 2854 355 2891 16
375 2864 559 2901 passage
580 2856 758 2893 suivant
779 2857 864 2901 (De
888 2857 990 2892 Ben.
1018 2857 1077 2893 IV
1097 2856 1165 2900 23,
1187 2856 1278 2902 2-4)
1302 2867 1310 2892 :
1335 2867 1349 2890 «
1375 2857 1470 2901 Ipse
1491 2856 1694 2898 mundus,
1716 2865 1822 2901 quo-

185 2913 299 2950 tiens
328 2923 404 2959 per
432 2918 605 2951 noctem
632 2914 751 2961 ignes
780 2925 879 2951 suos
908 2915 1023 2951 fudit
1051 2918 1095 2952 et
1120 2918 1299 2952 tantum
1327 2914 1550 2951 stellarum
1577 2914 1823 2950 innumera-

189 2972 344 3009 bilium
362 2973 545 3018 refulsit,
564 2984 693 3020 quem
712 2984 799 3010 non
817 2975 1037 3011 intentum
1052 2974 1096 3010 in
1113 2984 1157 3010 se
1174 2977 1296 3011 tenet
1306 2975 1372 3011 Ἰ...
1392 2973 1578 3019 Adspice
1593 2972 1678 3009 ista
1695 2975 1825 3010 tanto
