2195 3345
390 210 449 256 56
689 224 732 255 L.
769 224 933 256 ANNAEI
966 226 1162 258 SENECAE
1194 227 1514 259 DIALOGORUM
1545 229 1638 261 LIB.
1665 229 1733 260 XII

389 342 509 385 bant
539 342 711 392 cibum,
745 342 915 398 quibus
945 346 1068 386 terra
1100 343 1251 387 cubile
1281 349 1398 395 erat,
1432 358 1631 402 quorum
1662 350 1790 390 tecta
1820 347 2031 390 nondum

389 426 503 456 auro
541 413 802 470 fulgebant,
843 426 1042 470 quorum
1080 415 1259 472 templa
1296 417 1506 460 nondum
1542 417 1740 473 gemmis
1776 417 2032 469 nitebant;

388 484 550 540 itaque
590 488 706 527 tunc
743 497 825 540 per
863 485 1034 528 fictiles
1073 485 1186 528 deos
1228 487 1436 544 religiose
1484 487 1769 531 iurabatur:
1810 489 1890 545 qui
1929 489 2032 532 illos

388 555 744 605 inuocauerant,
791 556 851 598 ad
899 556 1084 599 hostem
1132 557 1363 608 morituri,
1412 572 1468 602 ne
1516 559 1748 609 fallerent,
1795 559 2032 604 redibant.

391 626 577 670 Scilicet
605 626 761 670 minus
791 626 930 670 beate
960 627 1160 671 uiuebat
1189 629 1395 672 dictator
1426 633 1600 680 noster,
1634 630 1714 686 qui
1747 630 2030 674 Samnitium

466 768 506 799 N.
529 769 564 799 C.
589 786 624 790 —
649 768 685 799 X
704 768 736 800 7.
766 769 856 809 itaq3
883 768 916 799 A
936 778 944 806 ;
962 769 1067 800 malit
1086 768 1196 801 Gertz
1213 779 1220 801 ε
1239 769 1348 810 atqui.

389 896 507 933 ques,
530 887 588 922 les
610 887 725 923 vices
753 887 924 924 varient
945 897 998 924 en
1020 889 1199 924 nombre
1222 891 1265 925 et
1287 898 1339 924 en
1361 889 1645 934 importance‚
1667 890 1774 925 mais
1798 890 1925 935 qu'ils
1947 893 2025 927 ont

387 946 585 991 toujours
611 946 747 983 existe
770 950 814 983 et
837 948 1076 984 existeront
1099 948 1314 993 toujours,
1339 950 1475 993 ayant
1497 948 1610 983 leurs
1634 949 1797 984 racines
1822 959 1874 985 en
1897 958 2025 986 nous-

388 1007 548 1042 memes
582 1016 590 1041 :
624 1017 639 1040 (ι
660 1006 752 1042 Hoc
780 1007 957 1043 maiores
987 1008 1119 1043 nostri
1149 1008 1280 1053 questi
1310 1009 1421 1051 sunt,
1453 1007 1535 1043 hoc
1564 1017 1640 1043 nos
1672 1008 1908 1053 querimur,
1941 1009 2023 1046 hoc

386 1066 548 1111 posteri
588 1066 725 1102 nostri
766 1069 1016 1111 querentur,
1058 1076 1228 1102 euersos
1269 1076 1424 1111 mores,
1463 1075 1641 1113 regnare
1680 1068 1937 1113 nequitiam,
1977 1069 2021 1104 in

387 1126 576 1161 deterius
612 1134 678 1161 res
714 1126 989 1162 humanas...
1027 1126 1174 1162 labi....
1214 1126 1413 1162 Ceterum
1449 1127 1564 1162 idem
1600 1135 1769 1172 semper
1810 1127 1863 1163 de
1898 1128 2021 1163 nobis

384 1185 668 1229 pronuntiare
697 1185 966 1229 debebimus,
996 1186 1132 1221 malos
1164 1195 1253 1221 esse
1283 1195 1375 1229 nos,
1405 1187 1535 1222 malos
1563 1187 1710 1231 juisse,
1738 1186 1904 1222 inuitus
1934 1187 2025 1222 adi-

384 1244 511 1288 ciam,
539 1246 582 1280 et
608 1244 778 1280 futuros
806 1254 908 1280 esse.
934 1257 949 1279 »
975 1245 1058 1290 (De
1088 1245 1190 1280 Ben.
1224 1246 1241 1280 I
1270 1246 1335 1289 10,
1364 1246 1383 1280 1
1413 1248 1456 1281 et
1483 1245 1541 1290 3.)
1572 1266 1625 1270 —
1684 1246 1803 1281 Auro
1829 1246 2023 1282 nondum

384 1304 606 1350 fulgebant
640 1314 648 1339 :
683 1304 736 1340 cf.
772 1304 906 1348 Pline,
942 1305 1040 1341 Nat.
1075 1305 1187 1340 Hist.
1224 1305 1432 1340 XXXIII
1466 1306 1516 1340 57
1552 1315 1560 1340 z
1596 1316 1611 1338 «
1633 1305 1884 1351 Laquearia,
1916 1316 2020 1351 quae

382 1374 496 1399 nunc
519 1365 556 1399 et
581 1363 626 1398 in
651 1364 835 1409 priuatis
860 1364 1052 1400 domibus
1079 1375 1181 1400 auro
1206 1366 1413 1410 teguntur,
1439 1367 1539 1409 post
1565 1364 1871 1410 Carthaginem
1903 1374 2020 1401 euer-

382 1432 475 1458 sam
496 1423 637 1467 primo
673 1423 717 1458 in
755 1423 969 1468 Capitolio
1008 1424 1206 1459 inaurata
1240 1425 1338 1459 sunt
1374 1432 1553 1459 censura
1590 1424 1635 1459 L.
1675 1424 1869 1459 Mummi.
1910 1424 2015 1460 Inde

382 1483 592 1518 transiere
615 1483 660 1518 in
688 1492 882 1518 camaras
909 1492 1082 1529 quoque
1108 1486 1151 1519 et
1176 1483 1378 1528 parietes,
1405 1483 1478 1528 qui
1502 1480 1590 1518 iam
1616 1485 1658 1518 et
1682 1483 1764 1528 ipsi
1788 1486 2019 1529 tamquam

380 1551 487 1577 uasa
514 1542 787 1578 inaurantur.
813 1554 828 1577 »
857 1542 1052 1588 seneque
1081 1543 1333 1578 mentionne
1362 1544 1548 1577 souvent
1577 1544 1645 1577 cet
1673 1550 1819 1587 usage,
1849 1542 1902 1578 cf.
1935 1542 2017 1588 Ep.

382 1601 498 1637 CXV
523 1602 547 1637 9
574 1612 582 1637 :
609 1614 624 1635 «
647 1602 754 1638 Cum
779 1611 884 1638 auro
907 1604 1027 1638 tecta
1051 1603 1335 1647 perfudimUS,
1362 1602 1467 1647 quid
1496 1601 1613 1636 aliud
1638 1611 1769 1647 quam
1793 1602 2019 1638 mendacio

381 1661 618 1707 gaudemus
648 1662 668 1697 ‘2
693 1662 884 1698 Sciemus
908 1662 1022 1697 enim
1045 1662 1124 1697 sub
1149 1662 1220 1697 illo
1244 1670 1349 1696 auro
1372 1661 1500 1696 foeda
1520 1661 1636 1706 ligna
1656 1661 1845 1697 latitare.
1871 1672 1885 1695 »
1906 1661 2016 1708 Voy.

381 1731 532 1757 encore
558 1722 619 1756 De
649 1722 799 1766 Tranq.
827 1722 910 1756 An.
938 1722 956 1756 I
979 1721 1002 1757 8
1026 1732 1036 1764 ;
1062 1721 1142 1767 Ep.
1169 1721 1310 1756 CXIV
1332 1720 1370 1764 9,
1396 1720 1543 1757 CXIX
1567 1721 1630 1756 11.
1655 1720 1735 1756 Sur
1755 1720 1794 1756 le
1813 1721 1913 1756 luxe
1943 1721 2017 1757 des

379 1781 568 1816 maisons
589 1781 818 1824 romaines‚
841 1781 895 1816 cf.
922 1781 989 1815 Ad
1009 1781 1102 1816 Hel.
1130 1780 1193 1815 IX
1213 1780 1238 1815 2
1260 1782 1302 1815 et
1323 1780 1362 1815 le
1382 1780 1705 1816 commentaire.
1736 1800 1792 1804 —
1849 1780 2016 1816 Fictiles

378 1842 478 1876 deos
501 1851 509 1876 :
531 1840 585 1875 cf.
605 1840 793 1876 Juvenal
816 1840 881 1875 XI
904 1840 1085 1876 115-116
1109 1850 1117 1875 ε
1141 1851 1156 1873 <<
1179 1840 1306 1874 Hanc
1325 1840 1451 1875 rebus
1474 1840 1609 1875 Latiis
1630 1849 1777 1875 curam
1797 1842 2017 1884 praestare

379 1900 584 1944 solebat]
610 1900 777 1935 Fictilis
810 1902 845 1935 et
877 1900 993 1935 nullo
1029 1900 1209 1935 uiolatus
1244 1899 1445 1944 Juppiter
1479 1909 1634 1934 auro.»
1663 1919 1718 1924 —
1775 1899 1971 1935 Mol-ituri
2005 1911 2014 1934 ε

378 1959 569 2004 l’emploi
592 1960 644 1994 de
664 1959 784 2004 l'adj.
808 1959 958 1995 verbal
981 1969 1032 1994 en
1056 1969 1156 1994 urus
1179 1968 1265 1994 non
1286 1959 1398 2003 joint
1422 1968 1475 1993 au
1497 1959 1628 1994 verbe
1649 1969 1746 2002 esse,
1770 1958 1794 1994 a
1814 1958 2014 2004 l'epoque

379 2019 606 2064 classique,
627 2019 878 2064 appartient
898 2028 952 2053 au
970 2019 1151 2063 langage
1169 2018 1354 2053 familier
1372 2018 1442 2063 (cf.
1465 2018 1547 2054 Cic.
1572 2018 1640 2052 Ad
1661 2018 1744 2053 Att.
1766 2018 1877 2053 VIII
1896 2018 1934 2062 9,
1952 2018 2010 2062 2).

381 2079 543 2123 Depuis
560 2079 783 2114 Tite-Live
800 2079 872 2123 (cf.
894 2079 936 2113 II
955 2079 1020 2121 10,
1039 2078 1086 2113 11
1115 2089 1123 2121 ;
1144 2078 1256 2113 XXI
1275 2079 1312 2122 1,
1330 2078 1387 2122 4),
1405 2078 1433 2113 il
1450 2080 1514 2113 est
1531 2077 1634 2112 d'un
1649 2085 1780 2122 usage
1795 2077 2010 2123 frequent,

378 2139 687 2183 specialement
717 2138 819 2174 chez
850 2138 1045 2183 Seneque
1075 2138 1148 2182 (cf.
1182 2140 1301 2173 entre
1333 2139 1476 2172 autres
1512 2137 1572 2172 De
1594 2137 1766 2172 Prouid.
1798 2137 1836 2172 V
1866 2137 1916 2180 93
1953 2137 2014 2172 De

388 2198 467 2233 Vit.
490 2198 540 2233 Β.
563 2198 580 2233 I
599 2198 650 2241 1;
676 2198 738 2233 De
757 2198 859 2233 Ben.
878 2198 939 2233 VI
962 2197 1029 2241 13,
1051 2198 1074 2232 4
1094 2200 1137 2233 et
1158 2197 1226 2240 31,
1248 2197 1288 2241 2,
1307 2199 1350 2232 et
1370 2196 1423 2232 ici
1444 2197 1583 2231 meme
1605 2196 1721 2231 XIII
1738 2196 1794 2242 4).
1819 2197 1938 2232 Avec
1958 2206 2013 2231 ou

377 2266 475 2292 sans
493 2268 591 2301 esse,
616 2258 645 2292 il
664 2260 769 2302 peut
787 2257 908 2293 avoir
924 2257 997 2292 des
1029 2266 1124 2292 sens
1154 2257 1408 2292 differents:
1437 2256 1465 2291 il
1490 2258 1595 2300 peut
1623 2265 1850 2301 marquer:
1888 2256 1933 2291 1ο
1960 2276 2015 2280 -

378 2327 545 2352 comme
579 2317 634 2352 ici
657 2337 712 2342 —
736 2318 868 2362 qu’on
895 2326 919 2351 a
943 2316 1179 2352 l'intention
1201 2316 1251 2351 de
1267 2316 1372 2351 faire
1385 2315 1569 2361 quelque
1583 2315 1788 2358 chose;20
1800 2315 1932 2361 qu'on
1944 2318 2008 2351 est

375 2387 449 2411 sut·
477 2377 512 2412 le
540 2377 661 2422 point
689 2377 741 2412 de
769 2377 807 2412 le
836 2377 943 2411 faire
967 2387 976 2419 ;
1006 2376 1053 2412 30
1083 2385 1166 2421 que
1195 2375 1295 2411 telle
1326 2385 1379 2410 ou
1409 2375 1510 2411 telle
1539 2375 1665 2410 chose
1695 2375 1780 2410 doit
1817 2375 1977 2410 arriver
2001 2385 2010 2414 ;

375 2438 422 2471 40
446 2437 579 2480 enfin,
605 2444 703 2471 sans
729 2446 827 2480 esse,
853 2436 883 2471 il
907 2435 1168 2480 correspond
1194 2444 1248 2470 au
1281 2435 1434 2479 partic.
1471 2442 1567 2479 grec
1600 2438 1638 2475 -μ
1667 2441 1723 2478 ἀν,
1749 2433 2011 2470 c'est-a-dire

375 2496 481 2541 qu'il
512 2495 649 2541 prend
680 2495 719 2531 le
750 2504 845 2531 sens
880 2495 984 2530 d'un
1016 2494 1212 2540 potentiel
1243 2504 1296 2529 ou
1337 2494 1441 2529 d'un
1476 2494 1604 2529 irre'el.
1638 2514 1693 2518 —-
1726 2494 1785 2529 Ici
1817 2493 2011 2539 Seneque

375 2565 507 2600 pense
534 2555 558 2591 a
584 2555 775 2601 Regulus
801 2558 859 2598 et,
885 2564 964 2599 par
986 2554 1178 2599 l'emploi
1205 2554 1261 2589 du
1288 2554 1454 2598 pluriel,
1479 2554 1508 2588 il
1532 2553 1591 2588 lui
1617 2553 1801 2589 assimile
1824 2555 1924 2589 tous
1947 2553 2007 2588 les

375 2616 584 2651 Romains
615 2614 787 2650 d'alors.

456 2675 496 2711 8.
528 2695 583 2699 ——
641 2674 852 2710 Dictator:
879 2673 951 2709 M.’
977 2673 1142 2716 Curius,
1167 2673 1316 2708 consul
1340 2682 1391 2708 en
1414 2672 1509 2716 290,
1532 2672 1613 2708 275
1638 2674 1681 2708 et
1703 2672 1798 2716 274,
1823 2673 1866 2707 et
1887 2671 2009 2707 vain-

374 2744 511 2780 queur
533 2734 606 2770 des
630 2733 860 2776 Samnites,
883 2734 956 2768 des
980 2733 1150 2776 Sabins,
1173 2733 1225 2768 de
1248 2732 1453 2778 Pyrrhus,
1474 2752 1530 2756 —
1548 2731 1774 2776 l'exemple
1796 2730 2005 2776 classique

374 2795 426 2829 de
453 2794 496 2829 la
531 2793 764 2838 simplicite
803 2793 876 2828 des
908 2793 1080 2828 anciens
1111 2792 1336 2835 Romaim,
1366 2801 1466 2837 voy.
1492 2791 1648 2827 Introd.
1696 2800 1738 2836 p.
1775 2790 1918 2834 LXII,
1964 2792 2008 2825 et

373 2854 426 2890 cf.
454 2853 549 2889 Val.
578 2853 694 2888 Max.
726 2853 785 2888 IV
811 2853 850 2896 3,
879 2852 925 2887 5:
955 2863 970 2885 «
992 2852 1063 2887 M!
1093 2854 1241 2887 autem
1269 2851 1435 2894 Curius,
1463 2850 1727 2886 exactissima
1751 2859 1898 2886 norma
1926 2849 2007 2885 Ro-

372 2923 522 2949 manae
543 2912 802 2958 sruyalitatis
826 2923 854 2956 »,
880 2914 923 2947 et
947 2911 1052 2947 Hor.
1081 2911 1219 2947 Carm.
1249 2911 1267 2945 I
1293 2911 1359 2954 12,
1383 2910 1509 2945 41-44
1536 2920 1544 2945 ε
1571 2922 1586 2943 «
1608 2910 1738 2945 Hunc
1761 2912 1804 2945 et
1829 2908 2006 2945 intonsis

373 2972 551 3009 Curium
575 2972 743 3018 capillis
766 2973 783 3016 s
802 2971 964 3007 Vtilem
990 2970 1101 3006 bello
1125 2970 1228 3006 tulit
1256 2972 1298 3005 et
1323 2969 1551 3005 Camillum
1577 2970 1593 3013 l
1618 2969 1756 3005 Saeua
1779 2968 2006 3014 paupertas
