2195 3345
340 538 379 572 ,¹0

452 247 510 291 10
743 261 787 292 L.
824 261 987 293 ANNAEI
1021 262 1216 294 sENEoAE
1247 263 1568 296 DIALOGORUM
1600 265 1696 296 ΜΒ.
1731 267 1800 298 xn

449 379 512 422 ad
547 382 595 422 te
631 381 858 422 transiero
894 384 945 422 et
979 380 1241 436 probauero
1277 394 1334 424 ne
1370 386 1503 425 tuam
1541 383 1731 439 quidem
1766 396 1958 440 grauem
1993 400 2121 430 esse·

450 450 710 501 fortunam,
737 464 857 507 quae
883 454 988 494 tota
1012 465 1074 494 ex
1096 464 1201 494 mea
1226 454 1417 508 pendet.

542 521 648 565 Hoc
679 523 807 578 prius
838 522 1100 577 adgrediar,
1136 524 1262 579 quod
1294 525 1447 580 pietas
1479 529 1562 568 tua
1594 526 1756 569 audire
1787 528 1947 583 gestit,
1980 529 2098 572 nihil

451 592 567 635 mihi
593 593 706 636 mali
731 606 846 635 esse.
877 593 923 635 Si
949 597 1165 649 potuerO,
1192 595 1319 651 ipsas
1346 610 1432 645 res,
1463 596 1634 652 quibus
1660 611 1734 640 mc
1762 602 1906 654 putat
1931 600 2096 656 premi,

450 676 546 707 non
581 678 679 706 esse
714 664 1034 708 intolerabiles
1067 666 1240 708 faciam
1276 667 1616 718 manifestum3
1651 668 1723 710 sin
1757 669 1804 712 id
1842 670 1967 713 credi
2001 683 2098 713 non

450 736 675 791 potuerit,
707 739 761 778 at
789 747 874 791 ego
905 736 1020 778 mihi
1050 736 1148 792 ipse
1180 737 1330 793 magis
1361 737 1572 794 placeb0‚
1605 740 1732 795 quod
1762 740 1886 784 inter
1914 753 1995 784 eas
2024 755 2098 785 res

449 806 620 849 beatus
646 819 741 856 em,
773 819 892 863 quae
921 807 1115 850 miseros
1143 809 1298 851 solent
1325 809 1494 852 facere.
1526 809 1632 853 Non
1660 814 1747 861 est,
1777 812 1905 868 quod
1934 813 1991 856 de
2020 826 2095 856 me

447 876 553 920 aliis
577 878 754 920 credas:
779 878 876 934 ipse
903 878 1006 928 tibi,
1029 892 1084 921 ne
1112 879 1224 935 quid
1250 880 1441 923 incertis
1465 881 1766 936 opinionibus
1790 883 2094 939 perturberis,

526 1026 567 1057 N.
591 1027 627 1057 C.
652 1044 687 1048 -
714 1027 764 1058 IV
782 1027 814 1058 2.
842 1029 944 1066 putat
964 1029 996 1058 A
1016 1038 1024 1062 ;
1045 1030 1151 1067 putas
1172 1036 1230 1067 ug.

451 1158 815 1194 amantissimum.
841 1171 855 1190 »
878 1159 981 1204 (Ep.
1009 1159 1109 1194 XCI
1135 1159 1192 1203 1.)
1223 1179 1277 1183 —
1331 1160 1434 1194 Ne...
1462 1160 1633 1205 quidem
1658 1170 1666 1194 ;
1691 1159 1745 1195 ici
1770 1171 1778 1194 :
1806 1172 1821 1194 α
1843 1170 1931 1196 non
1953 1161 2050 1206 plus
2074 1173 2090 1196 υ

450 1219 492 1252 et
511 1227 598 1253 non
617 1227 626 1252 :
647 1229 662 1252 «
683 1227 760 1262 pas
779 1219 918 1253 meme
942 1231 969 1253 ».
990 1218 1045 1254 Ce
1064 1218 1231 1253 dernier
1249 1225 1345 1253 sens
1364 1221 1429 1254 est
1447 1218 1485 1254 le
1505 1219 1600 1263 plus
1624 1219 1826 1264 frequent
1845 1220 1870 1255 3
1885 1219 2087 1266 l'epoque

448 1276 672 1322 classique.

534 1335 572 1372 2.
604 1357 660 1361 ———
689 1337 837 1379 Gestit‚
868 1337 1116 1382 expression
1146 1337 1259 1372 forte
1288 1336 1520 1382 indiquant
1551 1337 1790 1374 l'intensite
1819 1338 1872 1374 de
1901 1338 1943 1374 13
1973 1339 2087 1375 501Ιί-

447 1397 593 1432 citude
617 1397 869 1432 maternelle
896 1407 903 1431 :
931 1408 945 1430 «
968 1397 1126 1432 desirer
1151 1397 1437 1439 ardemment,
1464 1397 1606 1431 bruler
1630 1397 1726 1433 de...
1747 1410 1773 1432 r).
1802 1397 1883 1433 Sur
1906 1397 1945 1434 le
1968 1399 2084 1444 quet

447 1456 633 1492 abstrait
658 1456 843 1501 (pietas),
869 1465 968 1502 voy.
1000 1456 1155 1491 Introd.
1192 1457 1211 1501 ξ
1235 1456 1301 1491 32.
1334 1476 1388 1480 —
1444 1456 1556 1490 Nihil
1581 1456 1686 1491 mihi
1711 1457 1815 1492 mali
1838 1467 1930 1493 esse
1955 1468 1964 1492 ε
1991 1458 2079 1494 ceci

447 1537 502 1541 —
524 1525 691 1551 comme
713 1515 808 1560 plus
833 1516 908 1550 bas
932 1525 983 1550 ne
1003 1515 1102 1560 sieri
1124 1515 1289 1561 quidem
1311 1525 1372 1550 me
1395 1525 1514 1559 posse
1536 1515 1749 1559 miserum,
1777 1536 1832 1541 ——
1852 1517 2022 1552 resume
2042 1516 2081 1552 le

446 1576 571 1620 ehap.
601 1575 651 1610 V.
683 1596 739 1599 —
799 1576 883 1610 Res
912 1585 920 1609 τ
951 1575 1214 1610 e’est-a-dire
1244 1584 1251 1608 :
1281 1574 1360 1609 Ioci
1386 1574 1665 1616 commutatio,
1694 1577 1937 1619 paupertas,
1967 1575 2084 1620 iano-

446 1635 597 1678 minia,
629 1636 884 1679 contemptus
916 1634 1059 1679 (chap.
1094 1634 1327 1677 VI-XIII).
1362 1632 1558 1677 seneque
1590 1632 1790 1668 examine
1821 1632 2006 1668 d'abord
2036 1641 2085 1668 sa

447 1703 603 1738 propre
629 1694 839 1729 situation
866 1703 975 1738 pour
1000 1703 1187 1738 prouver
1214 1693 1238 1728 3
1265 1691 1419 1728 Helvie
1446 1691 1553 1735 qu’il
1578 1691 1691 1727 n’est
1716 1700 1793 1736 pas
1820 1691 1846 1727 3
1870 1691 2081 1736 plaindre.

448 1753 564 1797 Puis,
589 1753 619 1788 il
643 1761 769 1797 passe
793 1754 937 1797 (ehap.
967 1752 1228 1797 XIV-XIX)
1254 1752 1278 1787 3
1303 1760 1350 1787 53
1374 1753 1490 1788 mere
1515 1751 1571 1795 (si
1596 1751 1650 1785 ad
1674 1752 1709 1785 te
1734 1751 1952 1795 transiero,
1995 1752 2016 1796 ξ
2042 1752 2084 1796 1)

448 1815 491 1848 et
513 1813 647 1848 essaie
669 1813 721 1848 de
741 1812 783 1847 13
804 1812 1063 1847 eonvainere
1085 1811 1239 1856 qu’elle
1261 1821 1347 1846 non
1369 1812 1465 1856 plus
1488 1821 1541 1846 ne
1563 1810 1655 1846 doit
1676 1818 1754 1854 pas
1775 1818 1820 1845 se
1840 1810 2085 1846 considerer

448 1881 615 1908 comme
632 1872 942 1907 malheureuse.
963 1871 1309 1913 Generalement‚
1327 1871 1432 1906 e'est
1448 1870 1605 1905 l’ordre
1621 1869 1791 1905 inverse
1808 1879 1892 1914 que
1908 1870 2084 1906 suivent

446 1932 506 1967 les
533 1934 708 1967 auteurs
737 1931 789 1966 de
815 1931 1255 1976 Consolations.Voy.
1286 1931 1442 1966 Introd.
1470 1938 1542 1974 pp.
1581 1929 1659 1964 XL
1697 1930 1740 1964 et
1767 1928 1887 1973 XLI,
1919 1931 1964 1965 et
1988 1938 2029 1964 n.
2059 1930 2080 1964 1

447 2000 489 2036 p.
518 1990 637 2026 XLI.
654 2011 709 2015 -
733 1991 862 2026 Putat
888 1992 952 2025 est
978 1989 1020 2024 13
1045 1989 1167 2034 leeon
1194 1990 1253 2024 du
1279 1990 1473 2025 meilleur
1498 1988 1737 2023 manuscrit
1764 1987 1852 2033 (A).
1881 1988 2011 2025 Gertz
2037 1991 2081 2024 et

447 2051 502 2085 M.
535 2050 644 2086 Duff
670 2050 888 2095 preferent
917 2051 1041 2094 putas
1070 2049 1232 2094 (uota).
1265 2050 1326 2084 La
1354 2048 1573 2084 troisieme
1600 2054 1813 2091 personne
1841 2047 2081 2093 s’explique

447 2109 533 2145 tres
556 2110 654 2145 bien
675 2119 754 2154 par
772 2109 814 2144 la
833 2109 1048 2144 tendanee
1070 2109 1122 2143 de
1143 2108 1338 2153 Seneque
1359 2108 1383 2144 3
1403 2106 1687 2152 personnifier
1706 2105 1766 2141 les
1787 2107 2081 2143 abstractions

448 2173 491 2206 et
506 2170 564 2205 les
581 2170 728 2205 choses
742 2169 995 2208 inanimees,
1012 2168 1064 2203 ef.
1082 2168 1177 2212 plus
1193 2168 1301 2203 haut
1316 2169 1363 2213 (§
1380 2168 1420 2212 1)
1437 2167 1568 2212 gestit,
1584 2169 1627 2202 et
1646 2167 1707 2202 De
1726 2166 1831 2202 Ben.
1846 2166 1935 2201 VII
1949 2165 2017 2209 23,
2031 2166 2083 2201 2:

449 2241 464 2263 «
486 2230 739 2274 Numquam
759 2230 937 2264 tantum
958 2229 1097 2273 sperat
1117 2227 1334 2272 hyperbole
1356 2229 1571 2271 quantum
1593 2226 1727 2261 audet.
1752 2236 1767 2258 »
1788 2226 1897 2271 Voy.
1923 2225 2080 2261 Introd.

457 2290 475 2334 ξ
496 2289 563 2325 32.
587 2287 831 2330 D'ailleurs‚
854 2297 909 2322 on
929 2289 1085 2322 trouve
1107 2287 1179 2322 des
1201 2285 1522 2322 constructions
1543 2284 1800 2320 semblables
1821 2285 1962 2320 meme
1982 2284 2085 2320 chez

446 2348 506 2384 les
533 2347 765 2393 classiques
791 2368 846 2372 —-
871 2356 924 2382 en
950 2346 1131 2381 nombre
1157 2346 1381 2390 beaucoup
1408 2345 1503 2390 plus
1529 2344 1732 2380 restreint
1757 2343 1966 2380 toutefois
1990 2354 2001 2387 ;
2027 2343 2082 2379 cf.

450 2407 640 2450 Ciceron,
680 2408 800 2442 Tusc.
837 2407 905 2442 III
935 2406 1003 2449 33,
1034 2406 1086 2441 80
1118 2415 1127 2440 :
1159 2416 1174 2438 <‹
1196 2406 1263 2440 Ab
1295 2415 1358 2448 eo,
1390 2404 1507 2450 quod
1537 2406 1631 2439 erat
1662 2413 1687 2438 a
1715 2406 1760 2439 te
1791 2402 2082 2448 propositum,

447 2466 660 2503 aberrauit
689 2466 834 2501 oratio.
860 2477 874 2498 ›>
905 2486 959 2490 —
983 2466 1065 2500 At:
1099 2475 1114 2498 «
1134 2465 1193 2506 ,du
1226 2464 1410 2507 moins»,
1442 2474 1536 2499 sens
1567 2463 1772 2508 frequent
1803 2463 1856 2498 de
1886 2464 1928 2498 at
1958 2463 2082 2508 apres

446 2536 532 2562 une
552 2535 674 2571 prop.
699 2525 860 2561 condit.
886 2535 941 2560 ou
963 2524 1158 2568 relative,
1181 2524 1235 2559 cf.
1262 2524 1351 2559 Ce's.
1380 2526 1442 2561 De
1467 2524 1516 2558 B.
1547 2524 1591 2559 G.
1616 2523 1678 2559 VI
1700 2523 1768 2566 40,
1790 2522 1815 2558 2
1839 2532 1849 2558 ;
1873 2532 1889 2556 «
1911 2521 1960 2558 Si
1981 2531 2081 2568 pars

448 2585 595 2632 aliqua
619 2585 916 2620 circumuenta
942 2583 1158 2626 ceciderit,
1185 2585 1226 2619 at
1249 2582 1436 2628 reliquos
1461 2583 1623 2618 seruari
1647 2591 1773 2627 posse
1796 2581 2040 2617 confidunt.
2065 2593 2081 2615 ι

447 2667 501 2671 —-
559 2644 665 2681 Mihi
688 2644 862 2689 placebo
889 2654 897 2678 ε
924 2654 939 2677 «
959 2643 1001 2688 je
1025 2642 1135 2678 serai
1160 2645 1354 2686 content,
1379 2642 1458 2678 fier
1482 2642 1534 2677 de
1558 2641 1645 2677 moi
1668 2652 1694 2676 ».

533 2705 572 2741 3.
604 2725 660 2729 —
690 2702 968 2748 opinionibus
987 2713 996 2737 ε
1014 2702 1051 2738 le
1069 2705 1162 2738 mot
1179 2702 1339 2747 opinio,
1360 2711 1412 2737 en
1428 2701 1608 2746 langage
1625 2701 1821 2744 stoicien,
1838 2698 2081 2746 s’applique

448 2774 535 2799 aux
564 2764 729 2799 fausses
760 2762 958 2808 opinions
989 2763 1047 2797 du
1077 2761 1270 2806 vulgaire
1301 2763 1344 2797 et
1374 2761 1572 2806 s'oppose
1601 2762 1702 2796 tout
1733 2759 1758 2796 3
1786 2759 1829 2795 13
1857 2758 1938 2795 fois
1969 2759 1994 2795 3
2039 2759 2082 2794 13

449 2822 600 2859 realite
620 2825 664 2858 et
685 2823 709 2858 3
728 2822 770 2857 13
789 2821 908 2857 saine
929 2820 1226 2866 appreciation
1246 2821 1320 2856 des
1340 2821 1488 2856 choses
1509 2830 1592 2865 que
1611 2819 1703 2855 seul
1721 2819 1760 2855 le
1779 2826 1880 2864 sage
1897 2818 2080 2863 possede

448 2904 503 2908 -—
529 2892 698 2918 comme
724 2881 767 2917 13
795 2887 874 2925 δόξα
897 2880 1142 2926 Socratique
1171 2881 1194 2916 3
1221 2880 1411 2927 1ἐ’πιστὴμη
1430 2901 1484 2905 -
1506 2890 1516 2922 ;
1545 2879 1598 2914 cf.
1621 2880 1682 2915 De
1701 2879 1816 2915 Rem.
1839 2878 1950 2914 Fort.
1969 2878 2013 2914 X
2028 2878 2049 2913 1
2069 2887 2080 2913 ε

450 2954 465 2976 <‹
487 2941 635 2978 Nescis
656 2944 702 2978 te
724 2941 939 2988 opinione,
962 2950 1048 2975 non
1070 2950 1112 2975 re
1133 2939 1329 2975 laborare
1352 2951 1367 2972 ›>
1389 2941 1432 2975 et
1458 2939 1539 2985 Ep.
1565 2938 1806 2974 LXXVIII
1829 2937 1906 2973 13:
1923 2936 2080 2974 «Leuis

449 3004 515 3038 est
542 3001 677 3045 dolor,
705 3000 739 3036 si
765 2999 872 3036 nihil
897 2999 958 3034 illi
983 2999 1129 3045 opinio
1156 2998 1359 3035 adiecerit
1383 3010 1441 3034 »...
1471 2998 1538 3033 Ad
1564 2998 1807 3043 opinionem
1832 2996 2040 3033 dolemus.
2063 3006 2080 3030 ο
