2154 3377
338 229 400 260 Αι)
434 228 654 261 ΗΕΙΝῙΑΜ
688 226 891 259 MATREM
926 226 989 257 DE
1021 226 1401 266 cousommouss,
1437 226 1595 258 vn1·1x
1734 215 1787 258 41

148 346 243 389 lam
268 345 573 389 incolentium
598 344 766 388 fertilis
791 358 801 393 ;
827 356 919 386 non
945 343 1180 400 pretiosus
1205 343 1279 386 hic
1303 343 1422 399 lapis
1446 343 1673 392 caeditur,
1699 356 1792 386 non

147 416 250 460 auri
274 416 551 472 argentique
576 427 724 458 uenae
748 417 995 457 eruuntur.
1017 429 1034 456 »
1062 414 1305 471 Angustus
1328 414 1515 456 animus
1538 417 1626 463 est,
1653 425 1792 470 quem

147 491 333 531 terrena
358 487 600 530 delectant
622 501 632 530 :
664 485 723 528 ad
757 485 835 528 illa
858 485 1166 528 abducendus
1188 488 1277 534 est,
1302 497 1422 541 quae
1446 484 1621 540 ubique
1645 496 1793 540 aeque

149 562 333 615 parent,
364 558 538 614 ubique
566 569 715 613 aeque
744 556 1011 613 splendent.
1042 556 1107 599 Et
1135 556 1222 598 hoc
1251 555 1556 611 cogitandum
1585 558 1672 604 est,
1702 555 1793 597 ista

147 628 271 672 ueris
297 629 433 671 bonis
460 641 541 685 per
566 627 685 671 falsa
716 631 766 670 et
792 639 937 684 praue.
970 627 1147 670 credita
1171 626 1360 670 obstare
1395 641 1405 670 :
1440 638 1532 682 quo
1564 625 1796 681 longiores

146 699 358 756 porticus
383 699 695 756 expedierint,
727 711 819 755 quo
849 698 994 741 altius
1022 702 1175 741 turres
1203 697 1497 747 sustulerint,
1529 708 1621 753 quo
1652 695 1796 738 latius

149 829 303 867 latoire
330 829 517 865 tendant
548 829 571 864 3
600 838 788 874 prouver
816 838 894 873 par
927 831 1026 864 tous
1061 828 1119 864 les
1156 838 1336 874 moyens
1374 826 1582 873 possibles
1621 825 1791 862 l’excel-

149 889 269 926 lence
298 889 372 925 des
401 898 573 924 secours
604 889 656 924 de
684 887 725 923 la
754 887 1038 933 philosophie.
1068 909 1122 914 ——
1179 888 1377 924 Tutelam
1408 898 1416 923 :
1448 898 1533 924 non
1569 897 1646 933 pas
1682 899 1697 921 «
1719 888 1791 923 de-

150 948 270 985 fense
294 959 322 992 n,
360 947 468 984 mais
506 959 520 981 «
543 947 804 990 nourriture,
840 946 1052 983 entretien
1077 958 1105 989 »‚
1142 947 1195 982 cf.
1236 947 1317 993 Ep.
1367 948 1442 984 XC
1487 948 1571 983 38:
1623 959 1637 981 «
1661 946 1790 984 Suffi-

149 1008 293 1045 ciebat
323 1007 397 1043 illa
426 1008 623 1052 (natura)
654 1010 702 1043 ut
734 1016 903 1052 parenS,
933 1005 996 1042 ita
1032 1006 1158 1042 tutela
1183 1006 1392 1042 omnium.
1418 1018 1432 1041 »
1461 1029 1515 1033 —-
1573 1007 1791 1043 Pretiosus

149 1067 256 1113 lapis
277 1077 285 1102 :
308 1076 394 1102 non
415 1076 492 1112 pas
514 1077 522 1102 ε
545 1077 559 1100 «
582 1066 718 1111 pierre
737 1066 955 1110 pre'cieuse
980 1077 994 1100 »
1012 1066 1207 1111 (memma,
1230 1067 1271 1102 X
1292 1067 1348 1110 7),
1369 1066 1476 1102 mais
1499 1077 1507 1102 ε
1529 1078 1544 1100 «
1566 1067 1736 1102 marbre
1761 1077 1788 1101 ».

151 1148 206 1153 —
229 1126 310 1163 Hic
332 1136 340 1161 :
364 1126 463 1162 adv.

237 1186 274 1222 2.
307 1206 362 1211 -
418 1186 603 1221 Terrena
635 1195 642 1219 :
675 1186 858 1220 terrenus
889 1194 1050 1230 oppose
1078 1185 1120 1220 la
1148 1187 1261 1221 terre
1291 1195 1345 1221 au
1376 1185 1453 1221 ciel
1478 1196 1487 1228 ;
1517 1185 1732 1229 terrestris,
1765 1186 1788 1221 a

149 1245 192 1281 13
209 1255 325 1281 mer:
346 1245 421 1280 iter
437 1246 630 1280 terrestre.
663 1264 719 1269 --
776 1244 855 1280 Illa
874 1255 882 1279 :
912 1244 1117 1281 caelestia.
1138 1245 1252 1280 Pour
1268 1244 1407 1288 l’idee‚
1425 1245 1479 1281 cf.
1501 1246 1627 1281 Perse
1648 1245 1690 1280 II
1707 1244 1757 1280 61
1779 1255 1788 1280 :

150 1318 165 1337 α
189 1304 225 1342 Ο
258 1313 418 1340 cul-uae
449 1303 494 1339 in
526 1303 652 1340 terris
687 1303 857 1339 animae
891 1306 931 1340 et
966 1304 1203 1340 caelestium
1239 1305 1440 1340 inanes.»
1471 1326 1527 1330 —
1581 1304 1744 1350 Vbiquc
1779 1314 1788 1339 z

151 1363 322 1409 d'apres
347 1362 510 1409 l'usage
537 1362 749 1408 classique
776 1363 927 1409 ubique
952 1373 1005 1399 ne
1030 1363 1252 1409 s'emploie
1275 1385 1331 1390 —
1355 1373 1523 1400 comme
1547 1363 1601 1399 ici
1626 1385 1681 1389 —
1706 1374 1790 1410 que

152 1423 261 1459 dans
278 1422 338 1458 les
357 1431 479 1468 prop.
499 1422 622 1458 relat.
644 1432 698 1457 ou
716 1421 919 1468 interrog.
941 1422 1012 1467 (cf.
1035 1422 1117 1459 Cic.
1143 1425 1204 1460 De
1227 1423 1324 1459 Fin.
1350 1424 1392 1459 II
1411 1424 1450 1467 3,
1470 1423 1494 1460 6
1519 1434 1528 1467 ;
1552 1425 1613 1460 De
1635 1423 1787 1459 Diuin.

159 1482 203 1518 II
230 1482 297 1525 44,
326 1482 378 1518 93
403 1493 412 1525 ;
441 1482 531 1519 Ces.
565 1483 626 1518 De
655 1482 705 1517 Β.
737 1482 782 1518 C.
815 1482 857 1517 II
884 1482 950 1525 20,
979 1482 1035 1527 8).
1066 1483 1250 1519 Partout
1279 1482 1463 1526 aiHeurs,
1490 1482 1550 1519 les
1578 1482 1790 1518 ecrivains

155 1541 390 1587 classiques
417 1551 461 1577 se
487 1543 660 1577 servent
687 1541 878 1577 d’autres
905 1544 1019 1577 mots
1048 1552 1055 1577 :
1083 1542 1278 1578 omnibus
1311 1542 1390 1588 (in)
1417 1543 1516 1578 Iocis
1543 1542 1661 1587 (Sall.
1691 1542 1788 1588 qu.

151 1601 184 1637 L
208 1601 232 1636 2
257 1611 266 1643 ;
291 1601 381 1637 Ces.
419 1602 480 1638 De
513 1601 563 1636 Β.
594 1601 638 1637 G.
673 1601 715 1636 II
746 1601 814 1643 27,
836 1600 879 1646 2)
903 1610 957 1636 ou
987 1612 1275 1648 usquequaque
1306 1601 1408 1647 (Cic.
1445 1602 1497 1637 In
1530 1603 1641 1638 Verr.
1676 1602 1718 1637 II
1749 1602 1790 1645 5,

151 1660 190 1703 5,
232 1660 315 1705 10).
353 1681 408 1686 --
468 1660 522 1695 Et
549 1675 598 1691 =
627 1660 765 1703 eliam,
806 1660 858 1696 cf.
899 1661 986 1697 VII
1025 1661 1062 1697 9.
1103 1683 1158 1687 —
1218 1662 1348 1697 Hoc:
1382 1661 1434 1697 cf.
1463 1661 1568 1697 illud
1589 1662 1694 1707 (VII
1730 1662 1786 1703 5).

152 1720 228 1756 Ces
274 1719 390 1755 deux
431 1719 647 1764 exemples
690 1722 907 1764 prouvent
949 1730 1052 1766 que,
1093 1730 1203 1766 pour
1253 1731 1470 1757 annoncer
1509 1731 1593 1756 une
1639 1721 1789 1757 subor-

149 1779 338 1821 donnee‚
374 1788 428 1814 on
459 1789 502 1814 se
534 1781 621 1815 sert
659 1778 900 1824 egalement
934 1779 1032 1815 bien
1066 1781 1118 1816 de
1151 1781 1223 1816 hoc
1254 1783 1296 1816 et
1332 1781 1384 1816 de
1419 1780 1536 1816 illud.
1571 1802 1626 1806 —
1670 1780 1789 1816 Ista:

147 1840 323 1874 terrena.
365 1838 464 1873 Idee
501 1838 552 1874 de
588 1838 745 1883 mepris
781 1839 913 1884 (ista).
950 1861 1005 1865 —
1062 1840 1194 1876 Ista...
1231 1841 1400 1876 obstare
1437 1850 1444 1875 ι
1482 1842 1598 1876 cette
1632 1840 1789 1885 phrase

149 1897 417 1933 embarrasse
438 1900 481 1933 et
503 1898 643 1933 arrete
666 1898 851 1934 certains
874 1898 1093 1944 critiques,
1116 1899 1168 1935 cf.
1194 1899 1314 1935 Duff.
1337 1899 1422 1936 hoc.
1449 1900 1538 1942 loc„
1555 1902 1598 1935 et
1613 1902 1788 1936 surtout

150 1955 369 2000 Giesecke,
405 1957 466 1993 De
493 1957 644 2002 philos.
681 1959 849 1993 neten...
881 1949 1121 2002 sententiis:
1137 1968 1177 2003 p.
1212 1959 1290 1995 102
1322 1968 1363 1994 n.
1393 1959 1440 1994 1:
1477 1970 1492 1993 <‹
1515 1959 1666 2004 Neque
1692 1959 1788 2003 istu,

149 2014 279 2059 dit-il,
308 2025 407 2052 cum
433 2016 544 2061 salsa
571 2018 608 2052 et
633 2027 766 2062 praue
793 2018 946 2053 credita
975 2017 1257 2054 coniunctum
1282 2019 1416 2055 habet
1445 2028 1530 2064 quo
1558 2019 1785 2062 referatur,

149 2084 248 2110 cum
283 2075 335 2111 de
370 2075 494 2110 bonis
530 2078 660 2111 antea
693 2086 779 2112 non
815 2076 982 2113 dictum
1017 2077 1086 2120 sit,
1122 2088 1262 2123 neque
1295 2088 1368 2124 per
1402 2077 1577 2113 omnino
1612 2088 1786 2114 sensum

148 2134 329 2179 praebet
353 2145 366 2168 »
390 2145 400 2178 ;
421 2134 532 2179 puis,
555 2135 763 2180 appelant
785 2135 985 2181 Epictete
1019 2137 1042 2172 a
1074 2136 1115 2172 la
1147 2147 1380 2180 rescousse‚
1405 2137 1434 2172 il
1468 2137 1576 2174 croit
1607 2140 1788 2174 trouver

149 2203 233 2239 que
253 2193 334 2230 ista
352 2193 552 2239 s'oppose
572 2195 595 2230 a
615 2195 712 2231 haec
731 2196 778 2240 (ξ
799 2195 839 2241 1)
860 2198 902 2232 et
922 2196 1096 2242 designe
1115 2206 1174 2232 un
1192 2195 1277 2232 lieu
1298 2207 1306 2232 :
1326 2196 1355 2232 il
1374 2197 1567 2242 s'agirait
1587 2198 1660 2233 des
1679 2197 1786 2233 faux

150 2251 270 2288 biens
294 2252 533 2298 (richesses,
558 2254 660 2300 etc.)
684 2255 792 2291 dont
815 2255 943 2292 Rome
965 2258 1030 2292 est
1052 2255 1230 2301 remplie
1253 2256 1371 2302 (ista)
1395 2259 1438 2293 et
1462 2257 1570 2293 dont
1592 2256 1634 2292 la
1663 2257 1789 2293 Corse

148 2311 265 2357 (haec
289 2312 414 2358 terra)
439 2316 503 2349 est
528 2313 687 2358 privee.
714 2314 752 2349 A
775 2323 877 2350 mon
903 2315 1010 2358 avis,
1035 2314 1070 2350 si
1095 2317 1150 2352 M.
1179 2315 1383 2352 Giesecke
1406 2316 1500 2352 voit
1525 2316 1577 2351 de
1600 2315 1786 2352 l'obscu-

148 2370 231 2407 rite
258 2371 366 2406 dans
395 2381 441 2407 ce
468 2381 663 2419 passage,
693 2373 799 2410 c’est
827 2373 933 2420 qu'il
959 2374 1020 2420 l’y
1047 2384 1072 2410 a
1099 2374 1218 2411 mise.
1249 2375 1356 2412 Sans
1385 2375 1532 2419 doute,
1560 2375 1603 2411 la
1628 2376 1785 2420 phrase

149 2429 261 2466 n'est
288 2439 364 2475 pas
393 2431 523 2468 d’une
550 2432 847 2469 construction
873 2434 960 2469 tres
987 2434 1194 2479 reguliere
1221 2434 1331 2480 (cela
1357 2433 1472 2470 est-il
1499 2434 1533 2470 si
1560 2444 1655 2471 rare
1682 2435 1785 2471 chez

150 2489 346 2534 seneque
374 2490 413 2536 ‘.>)
437 2501 447 2534 ;
471 2491 725 2528 neanmoins
749 2491 788 2528 le
812 2502 908 2528 sens
933 2493 1047 2529 m'en
1072 2494 1215 2538 parait
1238 2494 1325 2530 tres
1352 2493 1478 2530 clair:
1507 2494 1587 2530 ista
1610 2494 1785 2530 renvoie

150 2548 175 2584 a
195 2550 354 2585 terrena
376 2559 384 2584 :
409 2560 424 2583 «
446 2550 521 2586 Ces
543 2550 663 2587 biens
683 2554 908 2588 terrestres
929 2552 1181 2598 s'opposent
1203 2554 1227 2589 a
1247 2553 1288 2589 la
1307 2552 1552 2599 jouissance
1573 2554 1646 2589 des
1667 2553 1784 2589 vrais

150 2606 270 2644 biens
295 2608 425 2653 (ueris
453 2609 588 2655 bonis)
613 2611 737 2656 grace
762 2620 848 2646 aux
873 2611 1070 2656 opinions
1094 2612 1258 2649 fausses
1284 2613 1430 2658 (salsa)
1459 2615 1502 2649 et
1536 2615 1783 2658 provenant

151 2666 281 2703 d'une
311 2667 560 2713 perversion
592 2670 649 2705 du
679 2669 905 2716 J‘ugement
935 2671 1085 2717 (praue
1115 2671 1287 2719 credita)
1310 2684 1338 2717 »‚
1369 2694 1425 2698 —
1464 2672 1661 2717 opinions
1693 2672 1784 2718 qui,

151 2725 320 2771 d'apres
345 2726 404 2763 les
431 2727 647 2772 stoiciens‚
673 2732 772 2765 sont
799 2729 922 2766 celles
949 2730 1001 2766 de
1024 2732 1124 2767 tous
1148 2731 1208 2767 les
1234 2732 1444 2775 hommes,
1472 2733 1495 2768 3
1520 2732 1781 2777 l’exception

151 2784 208 2820 du
227 2793 340 2831 sage.
360 2786 386 2822 J
391 2796 412 2822 e
430 2787 653 2823 reconnais
673 2789 805 2834 qu’on
825 2788 1105 2826 s'attendrait
1123 2790 1270 2836 plutot
1289 2791 1314 2827 a
1332 2791 1463 2828 l'adv.
1484 2792 1590 2836 salso
1611 2792 1632 2827 a
1653 2801 1782 2827 cause

151 2843 209 2879 du
230 2844 451 2891 voisinage
474 2846 526 2882 de
547 2856 692 2892 praue,
715 2848 822 2884 mais
846 2851 960 2884 cette
980 2848 1249 2895 irregularitc
1271 2860 1324 2886 nc
1345 2860 1454 2886 nous
1477 2851 1680 2895 empeche
1702 2859 1782 2895 pas

151 2902 204 2939 de
221 2903 344 2940 saisir
361 2904 403 2940 13
421 2906 577 2950 pensee
598 2906 650 2942 de
671 2906 878 2953 seneque.
910 2928 965 2933 —-
1026 2909 1297 2954 Expediet-int
1318 2919 1326 2945 :
1358 2909 1397 2945 le
1427 2909 1541 2954 quet
1571 2911 1634 2945 est
1662 2918 1782 2945 sous-

151 2963 357 3008 entendu,
388 2974 555 3001 comme
587 2974 697 3010 pour
719 2965 777 3002 les
801 2967 952 3003 verbes
976 2967 1190 3011 suivants‚
1214 2968 1322 3004 mais
1345 2968 1374 3003 il
1399 2970 1463 3004 est
1486 2967 1611 3004 facile
1635 2968 1658 3004 a
1681 2977 1782 3013 sup-
