2195 3345
409 254 440 298 8
703 267 745 298 L.
784 266 947 298 ANNAEI
982 265 1178 298 SENECAE
1211 266 1529 298 DIALOGORUM
1563 266 1657 298 LIB.
1694 267 1763 298 XII

408 397 513 428 ossa
545 385 690 428 trium
723 389 951 442 nepotum
984 384 1202 441 recepisti
1227 398 1239 435 ;
1269 385 1395 428 intra
1426 384 1704 428 uicesimum
1736 384 1877 436 diem,
1910 397 2055 441 quam

405 455 559 499 filium
577 469 735 499 meum
752 456 798 498 in
817 455 1038 498 manibus
1054 459 1105 498 et
1118 455 1165 497 in
1179 455 1350 499 osculis
1367 456 1462 499 tuis
1480 459 1722 498 mortuum
1736 456 2061 507 funeraueras,

406 530 599 584 raptum
620 540 694 570 me
714 527 892 570 audisti
917 541 927 569 ε
949 527 1038 569 hoc
1057 526 1215 570 adhuc
1235 527 1453 570 defuerat
1472 526 1575 577 tibi,
1598 526 1753 583 lugere
1775 526 1928 570 uiuos.

497 598 581 642 111.
626 624 672 629 —
712 598 1055 642 Grauissimum
1090 600 1164 641 est
1197 611 1259 641 ex
1290 597 1525 648 omnibus,
1563 610 1684 654 quae
1720 610 1948 655 umquam
2004 599 2053 641 in

406 681 575 727 corpus
604 673 742 712 tuum
772 668 1133 719 descenderunt,
1164 681 1324 712 recens
1352 668 1541 718 uulnus,
1571 669 1724 712 fateor
1750 683 1761 719 ;
1791 681 1886 712 non
1929 682 2058 712 sum-

404 753 531 784 mam
559 744 716 783 cutem
742 739 886 796 rupit,
912 743 1079 796 pectus
1104 744 1154 783 et
1177 740 1356 783 uiscera
1382 739 1483 796 ipsa
1509 739 1688 783 diuisit.
1715 739 1802 784 Sed
1829 739 2067 797 quemad·

404 907 516 942 leurs
538 907 622 951 (De
647 906 719 941 Bt.
754 905 834 942 Vit.
859 906 1016 942 XVIII
1039 907 1094 952 5).
1120 906 1233 943 C'est
1254 908 1354 942 tout
1375 904 1653 950 simplement
1674 906 1793 942 modo
1814 906 1881 951 (=
1909 918 1925 941 «
1944 907 2046 943 tout

403 966 429 1002 3
454 965 617 1002 l'heure
641 966 673 1011 a)
700 965 907 1002 renforce.
939 966 1008 1002 Un
1035 975 1166 1012 usage
1193 965 1430 1001 semblable
1458 964 1595 1001 existe
1622 974 1775 1001 encore
1802 975 1854 1001 en
1879 964 2046 1009 italien,

401 1025 456 1062 cf.
489 1036 505 1059 α
525 1027 672 1070 presto
702 1027 848 1070 presto
872 1037 901 1069 n,
933 1036 947 1059 a
969 1024 1115 1061 subito
1145 1024 1290 1061 subito
1315 1036 1342 1067 ι),
1375 1037 1390 1057 «
1411 1023 1566 1069 adagio
1596 1023 1751 1069 adagio
1775 1035 1802 1060 ι.
1834 1044 1890 1050 -
1945 1025 2046 1061 Tres

401 1088 577 1130 nepotes
603 1094 611 1119 ε
639 1083 794 1120 Helvie
818 1094 870 1120 en
896 1083 1017 1121 avait
1043 1084 1291 1129 davantage
1318 1094 1326 1119 ε
1354 1095 1368 1117 «
1399 1084 1472 1119 Tot
1493 1085 1660 1129 nepotes
1685 1085 2007 1130 pronepotesque
2030 1095 2045 1119 ιι

400 1144 579 1190 (XVIII
614 1143 670 1189 9).
707 1143 930 1189 Auxquels
968 1144 1020 1179 de
1055 1154 1121 1179 ces
1157 1142 1381 1188 petits-fils
1417 1143 1612 1188 seneque
1646 1142 1777 1178 fait-il
1812 1142 1995 1179 allusion
2024 1143 2045 1180 ‘2

403 1204 522 1239 Nous
557 1202 804 1249 l'ignorons.
836 1224 892 1229 —-
948 1204 1048 1239 Tres
1084 1207 1259 1248 nepotes
1294 1203 1510 1245 emiseras,
1547 1212 1644 1238 ossa
1679 1202 1811 1238 trium
1839 1206 2046 1248 nepotum

401 1262 596 1308 recepisti
624 1273 632 1298 :
661 1273 717 1299 on
743 1272 1022 1309 remarquera
1047 1262 1297 1299 l'antithese
1325 1263 1398 1297 des
1425 1262 1540 1298 deux
1566 1263 1731 1298 verbes.
1762 1262 1881 1297 Nous
1909 1271 2045 1298 avons

400 1322 453 1359 ici
474 1332 533 1358 un
556 1322 752 1367 exemple
774 1323 827 1358 de
847 1323 967 1359 trait.
992 1323 1101 1368 Voy.
1128 1322 1285 1357 Introd.
1317 1323 1337 1367 ξ
1358 1322 1424 1358 31.
1457 1342 1511 1347 -
1569 1321 1712 1365 Quam
1743 1339 1782 1352 =
1809 1322 2040 1368 postquam.

400 1403 455 1408 —-
512 1382 670 1418 Filium
688 1392 835 1418 meum
855 1393 863 1418 ε
885 1392 992 1418 nous
1013 1392 1065 1417 ne
1083 1391 1241 1418 savons
1259 1380 1350 1417 rien
1369 1391 1441 1416 sur
1459 1391 1505 1416 ce
1523 1380 1606 1416 fils.
1630 1381 1688 1416 Le
1706 1380 1863 1416 silence
1883 1380 2035 1426 qu'ob-

399 1452 522 1478 serve
543 1442 739 1487 seneque
758 1442 812 1478 ici
834 1444 877 1478 et
899 1442 1006 1477 dans
1027 1443 1152 1477 toute
1172 1441 1213 1476 13
1236 1440 1504 1477 consolation
1526 1449 1580 1480 au
1601 1440 1717 1484 sujet
1738 1440 1791 1475 de
1811 1449 1858 1475 sa
1878 1440 2037 1476 femme

398 1504 464 1538 est
485 1501 663 1546 etrange
684 1504 727 1538 et
749 1511 774 1536 a
793 1501 976 1536 sollicite
996 1500 1037 1535 13
1057 1499 1248 1545 sagacite
1269 1500 1341 1535 des
1363 1499 1582 1544 critiques.
1605 1499 1714 1544 Voy.
1741 1499 1898 1534 Introd.
1930 1500 1950 1544 ἓ
1971 1499 2036 1536 17.

398 1581 453 1586 —-
510 1561 807 1597 Funeraueras
826 1571 834 1596 :
854 1559 908 1595 cf.
931 1560 1021 1596 XII
1040 1560 1063 1595 5
1081 1563 1124 1596 et
1140 1559 1178 1595 le
1196 1557 1520 1594 commentaire.
1552 1578 1607 1583 —
1665 1557 1836 1593 Audisti
1855 1568 1864 1593 :
1884 1557 2040 1594 Helvie

397 1620 548 1657 venait
575 1620 627 1656 de
652 1620 818 1666 quitter
844 1620 998 1663 Rome,
1023 1621 1243 1664 peut-etre
1268 1628 1377 1663 pour
1402 1627 1445 1652 se
1470 1617 1624 1652 rendre
1650 1625 1703 1651 en
1731 1616 1946 1660 Espagne.
1975 1615 2041 1652 En

398 1682 644 1725 apprenant
664 1679 707 1714 la
728 1678 1071 1715 condamnation
1094 1681 1137 1714 et
1157 1677 1273 1713 l'exil
1295 1678 1347 1712 de
1368 1685 1445 1712 son
1467 1675 1551 1719 fils,
1574 1675 1652 1711 elle
1673 1674 1818 1710 revint
1840 1674 1865 1710 a
1887 1674 2039 1710 Rome.

397 1739 461 1775 Cf.
502 1740 585 1775 XV
623 1739 694 1775 2-3
734 1741 777 1775 et
814 1739 853 1774 le
891 1737 1216 1774 commentaire.
1248 1757 1303 1762 —
1359 1736 1513 1772 Adhuc
1550 1734 1655 1780 (litt.
1697 1745 1705 1769 :
1747 1746 1762 1768 «
1781 1732 1985 1779 jusqu'ici
2009 1733 2042 1779 ιο)

396 1798 618 1843 s’emploie
646 1799 734 1834 tres
761 1800 980 1833 rarement
1007 1807 1116 1842 pour
1142 1797 1180 1832 le
1207 1796 1332 1841 passe
1358 1796 1461 1831 chez
1490 1794 1666 1831 Ciceron
1693 1793 1766 1839 (cf.
1795 1793 2041 1838 cependant

402 1859 464 1894 De
489 1858 641 1894 Diuin.
670 1858 713 1893 11
735 1858 775 1901 2,
799 1858 841 1902 4)
866 1859 908 1893 et
934 1857 1075 1900 Cesar,
1100 1856 1174 1901 qui
1197 1856 1221 1891 3
1243 1856 1285 1890 13
1306 1855 1429 1899 place
1451 1856 1644 1890 mettent
1667 1853 1793 1889 etiam
1815 1853 1890 1898 (ou
1912 1852 2038 1888 etiam

397 1918 503 1963 lum)
523 1917 596 1963 (cf.
620 1917 703 1954 Cic.
728 1917 782 1952 Ιη
813 1917 925 1953 Verr.
953 1917 995 1951 II
1017 1916 1056 1958 3,
1077 1916 1144 1959 23,
1167 1915 1218 1951 56
1242 1926 1252 1958 ;
1278 1916 1338 1950 De
1363 1915 1431 1950 Or.
1459 1914 1501 1949 II
1521 1913 1588 1956 22,
1611 1913 1696 1958 93).
1720 1911 1829 1948 Mais
1851 1912 1875 1948 3
1901 1911 2040 1956 partir

398 1978 451 2013 de
479 1977 704 2013 Tite-Live
732 1977 829 2021 (par
858 1986 923 2011 ex.
957 1976 1070 2012 XXI
1099 1976 1166 2018 48,
1196 1975 1220 2010 4
1251 1985 1259 2009 :
1292 1986 1307 2008 «
1330 1973 1483 2010 Grauis
1513 1973 1647 2008 adhuc
1676 1972 1854 2007 uulnere
1882 1973 1968 2007 erat
1990 1971 2038 2016 υ),

397 2040 466 2073 cet
489 2036 648 2082 emploi
672 2035 849 2072 devient
872 2036 1074 2080 frequent
1099 2035 1201 2070 chez
1223 2034 1283 2070 les
1308 2033 1518 2069 ecrivains
1543 2032 1595 2067 de
1618 2030 1842 2076 l'Empire,
1866 2040 1919 2066 en
1941 2039 2038 2075 par-

398 2096 567 2133 ticulier
586 2097 688 2132 chez
709 2095 904 2140 seneque
919 2095 1003 2139 (De
1022 2095 1093 2129 Bt.
1122 2094 1202 2130 Vit.
1224 2094 1286 2128 VI
1306 2093 1328 2128 2
1342 2091 1420 2139 [1];
1440 2092 1520 2137 Ep.
1538 2091 1779 2127 LXXVIII
1800 2091 1838 2134 1,
1855 2090 1932 2126 XC
1950 2090 2037 2135 35),

396 2156 538 2201 lequel
559 2155 649 2191 s’en
671 2157 758 2191 sert
780 2156 922 2190 meme
944 2164 1053 2199 pour
1073 2152 1256 2188 l’avenir
1279 2163 1287 2187 :
1313 2164 1328 2186 a
1352 2150 1559 2197 Quamuis
1582 2158 1760 2196 aegrum
1784 2159 1879 2185 eum
1904 2149 2039 2185 adhuc

397 2218 440 2252 et
462 2225 608 2251 secum
629 2215 919 2250 reluctantem
942 2213 1135 2249 auocabit
1156 2212 1250 2257 ipsa
1270 2221 1458 2247 rerum...
1483 2209 1728 2246 austeritas.
1742 2221 1756 2243 »
1777 2209 1868 2254 (Ad
1890 2209 2035 2254 Polyb.

397 2276 522 2311 VIII.
555 2275 614 2320 4.)
644 2296 699 2300 ——
759 2275 878 2310 Hoc:
912 2283 1107 2308 annonce
1137 2271 1350 2307 l’infinitif
1382 2270 1456 2316 qui
1486 2270 1586 2305 suit.
1619 2270 1728 2314 Voy.
1761 2270 1864 2304 note
1894 2268 1982 2304 VII
2013 2267 2037 2303 5

395 2334 553 2380 (illud).
585 2354 640 2359 —
698 2334 859 2379 Luqere
889 2332 1014 2368 uiuos
1047 2342 1054 2367 :
1085 2331 1192 2368 trait
1223 2331 1349 2376 digne
1380 2330 1485 2365 d'un
1514 2329 1701 2365 rheteur.
1733 2329 1843 2374 Voy.
1877 2328 2035 2364 Introd.

395 2393 502 2440 531,
521 2396 564 2430 et
589 2394 642 2428 cf.
668 2393 764 2438 plus
789 2394 865 2428 bas
893 2391 1021 2437 (XIV
1046 2391 1088 2437 2)
1114 2394 1182 2426 cet
1207 2393 1330 2426 autre
1348 2389 1455 2426 trait
1474 2388 1778 2434 remarquable
1797 2397 1876 2433 par
1891 2387 2037 2423 l’anti-

394 2454 518 2489 these
553 2463 561 2488 ε
597 2453 869 2488 «Potentiam
902 2452 1135 2487 liberorum
1169 2449 1368 2486 muliebri
1403 2449 1635 2495 inpotentia
1668 2450 1883 2484 exercent.
1909 2459 1924 2482 »

479 2513 556 2548 111.
594 2513 629 2548 1.
662 2532 718 2537 -—
746 2511 1061 2548 Grauissimum
1094 2520 1101 2545 :
1135 2503 1330 2555 Seneque
1361 2508 1522 2544 semble
1553 2507 1674 2543 avoir
1705 2507 1774 2543 ete
1803 2507 1842 2542 le
1871 2506 2038 2552 prefere

398 2574 450 2609 de
488 2581 536 2608 sa
577 2572 705 2608 mere.
749 2572 858 2617 Voy.
903 2570 1060 2605 Introd.
1098 2570 1117 2614 ξ
1148 2568 1213 2605 12.
1258 2589 1313 2594 ——
1371 2568 1691 2604 Descenderunt
1721 2577 1730 2601 :
1779 2578 1795 2600 «
1817 2567 2035 2611 Frequens

397 2632 519 2668 uerbi
540 2632 777 2667 descendere
804 2638 906 2666 usus
936 2633 1000 2666 est
1024 2629 1142 2674 apud
1175 2631 1373 2664 auctores
1408 2628 1460 2663 de
1496 2626 1713 2662 uulnere.»
1735 2626 2036 2671 (Oudendorp,

397 2692 452 2728 ad
484 2692 643 2727 Lucan.
683 2691 700 2726 Ι
733 2690 819 2735 31.)
855 2689 1074 2734 Pourquoi
1107 2689 1344 2724 descendere
1366 2688 1385 2723 ‘2
1422 2688 1540 2723 Dans
1573 2686 1611 2721 le
1645 2685 1757 2731 siege
1791 2685 1864 2721 des
1897 2684 2034 2728 villes,

396 2751 435 2787 le
459 2751 566 2788 trait
592 2750 645 2786 de
669 2749 864 2795 l’assiege
889 2748 1094 2791 tombast,
1122 2761 1137 2782 «
1158 2746 1410 2783 descendait
1433 2758 1447 2781 »
1487 2755 1558 2781 sur
1582 2745 1870 2790 l'assiegeant.
1905 2744 2035 2780 Peut-

397 2812 488 2848 etre
519 2813 652 2847 est-ce
681 2810 723 2846 la
752 2809 946 2854 l'origine
978 2809 1030 2844 de
1059 2807 1250 2852 l'emploi
1281 2807 1333 2843 de
1364 2816 1410 2842 ce
1436 2806 1567 2842 verbe
1599 2806 1623 2841 3
1653 2813 1811 2849 propos
1842 2804 1894 2840 de
1926 2803 2035 2839 bles-

397 2881 529 2906 sures.
562 2891 618 2896 -
671 2870 809 2906 Non...
844 2873 1031 2904 eutem...
1066 2867 1243 2903 diuisit:
1277 2867 1328 2902 A.
1365 2866 1485 2909 Otto,
1523 2865 1602 2901 Die
1639 2863 1934 2910 Sprichwo'rter
1964 2863 2037 2898 det·

401 2931 565 2974 Romer,
583 2939 625 2975 p.
647 2929 741 2973 104,
759 2931 866 2964 veut
884 2928 978 2964 voir
995 2927 1049 2962 ici
1067 2937 1151 2962 une
1169 2926 1362 2962 locution
1394 2924 1665 2970 proverbiale
1694 2925 1829 2969 ayant
1847 2921 2034 2968 quelque

396 2992 578 3035 rapport
608 2998 714 3026 avec
747 2990 863 3024 cette
898 2989 1022 3023 autre
1054 2985 1151 3022 bien
1187 2994 1388 3021 connue:
1425 2996 1441 3019 α
1464 2984 1586 3020 Intus
1620 2985 1656 3019 et
1691 2983 1737 3019 in
1770 2983 1859 3018 cute
1891 2980 1996 3018 noui
2018 2991 2047 3015 »-
