2154 3377
372 225 436 256 AD
468 224 689 256 HELVIAM
722 223 925 255 MATREM
959 222 1022 254 DE
1054 222 1434 260 CONSOLATIONE,
1464 222 1531 253 VII
1716 209 1774 255 25

131 344 203 388 sui
238 343 477 387 horrentia
514 341 908 386 transferentibus
943 340 1109 383 domos
1144 352 1253 383 suas
1287 340 1594 383 obstiterunt.
1630 341 1778 384 Athe·

132 414 305 459 niensis
344 414 392 456 in
431 414 543 457 Asia
581 412 722 456 turba
761 415 869 462 est;
910 411 1099 455 Miletus
1139 411 1346 468 quinque
1385 414 1436 454 et
1473 412 1775 467 septuaginta

131 485 319 530 urbium
344 485 571 542 populum
595 484 643 526 in
667 483 851 526 diuersa
875 482 1050 526 effudit
1074 497 1085 533 ;
1108 485 1266 526 totum
1295 482 1458 525 Italiae
1484 481 1622 531 latus,
1649 483 1774 538 quod

129 556 278 601 infero
315 556 433 598 mari
471 554 695 604 adluitur,
736 554 884 597 maior
922 553 1034 596 olim
1073 553 1264 598 Graecia
1304 553 1412 596 fuit.
1451 552 1627 596 Tuscos
1663 553 1774 596 Asia

132 627 221 671 sibi
262 626 512 676 uindicat;
561 624 689 681 Tyrii
744 625 953 668 Africam
996 625 1224 675 incolunt,
1267 624 1548 681 Hispaniam
1595 624 1776 675 Poeni;

211 755 253 787 Ν.
274 755 310 787 C.
334 772 370 777 —
394 754 468 786 VII
486 754 519 786 2.
547 754 701 786 athenis
719 754 751 785 A
771 763 780 792 ;
798 753 1029 786 Atheniensis
1046 761 1141 785 unus
1160 752 1193 785 D
1210 754 1248 785 et
1265 759 1325 793 ug.
1348 770 1384 775 —
1405 753 1569 804 mgiorll
1586 753 1727 793 praecia
1744 753 1777 784 Α

139 809 200 848 (tn
212 808 271 841 uel
287 808 336 840 im
348 809 459 847 eras.)
483 817 492 846 ;
512 807 637 839 Maior
648 806 734 839 olim
755 806 904 839 Graecia
919 806 1027 847 scrip.
1045 807 1167 839 Gertz.
1187 824 1222 830 -
1244 806 1457 846 inhispania
1474 807 1507 838 A
1526 816 1534 845 ;
1551 807 1777 848 Hispaniam

136 862 314 895 Muretus.

136 975 271 1012 Outre
288 985 354 1011 ces
371 977 573 1020 rapports
591 977 711 1010 entre
727 974 764 1009 16
782 973 930 1009 climat
947 975 989 1009 et
1004 973 1045 1008 la
1061 982 1173 1016 race,
1193 974 1388 1019 seneque
1405 983 1456 1009 en
1472 973 1565 1010 voit
1583 974 1778 1010 d'autres

135 1037 257 1070 entre
281 1033 319 1070 le
345 1034 563 1070 caractere
591 1033 695 1068 d’un
722 1031 877 1077 peuple
903 1034 946 1068 et
972 1032 1009 1067 le
1035 1032 1200 1076 climat,
1218 1032 1321 1067 d’un
1349 1033 1458 1075 cote,
1486 1036 1528 1069 et
1553 1033 1590 1068 le
1616 1033 1776 1079 regime

135 1092 362 1139 pontique,
392 1093 444 1129 de
472 1093 647 1128 l’autre:
678 1103 692 1124 «
718 1092 877 1128 Omnes
898 1091 1007 1127 istae
1035 1091 1211 1128 feritate
1238 1091 1396 1127 liberae
1424 1095 1572 1138 gentes
1600 1092 1774 1129 leonum

134 1152 425 1198 luporumque
456 1151 559 1195 ritu,
593 1153 636 1186 ut
666 1151 822 1186 seruire
853 1161 937 1186 non
968 1153 1158 1196 possunt,
1193 1151 1251 1187 ita
1281 1162 1354 1186 nec
1387 1151 1635 1197 imperare...
1674 1153 1777 1188 Fere

138 1212 274 1258 itaque
308 1211 487 1257 imperia
517 1220 642 1256 penes
674 1221 739 1246 eos
769 1210 884 1254 suere
914 1211 1108 1255 populos,
1141 1210 1213 1256 qui
1244 1210 1406 1246 mitiore
1425 1211 1533 1247 caelo
1557 1213 1741 1247 aluntur.
1761 1224 1776 1245 »

135 1271 256 1315 (ibid.
285 1271 410 1316 §4-5)
441 1291 495 1295 —
554 1270 819 1306 Obstiterunt
839 1279 846 1304 :
883 1270 906 1305 a
922 1269 1283 1306 l'e'tablissement
1300 1270 1351 1305 (16
1368 1270 1552 1306 colonies
1570 1279 1777 1317 grecques

136 1331 245 1366 dans
270 1340 337 1366 ces
361 1330 570 1366 contrees.

224 1390 261 1425 2.
295 1409 350 1414 -—
408 1387 681 1425 Atheniensis
700 1388 743 1423 in
763 1387 865 1424 Asia
884 1388 1009 1424 turha
1031 1398 1038 1422 :
1061 1387 1088 1422 il
1109 1387 1236 1434 s’agit
1256 1389 1308 1423 de
1327 1388 1493 1432 l’Ionie,
1514 1389 1566 1425 cf.
1588 1389 1774 1426 Velleius

140 1448 393 1485 paterculus
429 1448 445 1483 Ι
475 1449 514 1491 4,
544 1448 568 1484 3
601 1458 608 1482 ;
642 1459 656 1481 «
683 1448 820 1490 Iones,
851 1447 959 1483 duce
993 1448 1109 1491 Ione,
1139 1448 1322 1492 profecti
1351 1449 1533 1484 Athenis
1563 1449 1778 1485 nobilissi-

138 1517 257 1544 mam
281 1510 452 1552 partem
476 1506 659 1552 regionis
683 1506 928 1542 maritimae
952 1516 1233 1551 occupauere,
1259 1518 1369 1552 quae
1392 1508 1606 1554 hodieque
1630 1509 1776 1554 appel-

136 1567 252 1603 latur
280 1567 415 1609 Ionia,
442 1566 657 1611 urbesque
682 1565 946 1602 constituere
971 1566 1206 1610 Ephesum,
1234 1566 1444 1611 Miletum,
1472 1567 1720 1613 Colophona
1744 1580 1775 1612 »,

136 1628 217 1662 etc.
251 1645 306 1650 —
365 1625 561 1671 Quinque
591 1629 632 1660 et
660 1625 932 1670 septuaginta
963 1636 970 1660 :
1002 1625 1119 1661 selon
1151 1625 1270 1661 Pline
1299 1626 1416 1669 (Nat.
1449 1627 1560 1663 Hisl.
1594 1628 1630 1663 V
1661 1628 1774 1672 112),

136 1684 174 1720 16
196 1685 377 1720 nombre
402 1694 453 1720 en
477 1683 585 1720 e'tait
608 1684 828 1729 superieur
851 1694 1001 1720 encore
1026 1695 1034 1719 :
1060 1696 1075 1718 «
1097 1684 1284 1728 Miletus,
1312 1686 1456 1721 Ioniae
1480 1689 1626 1731 caput,
1649 1698 1776 1733 saper

138 1744 359 1780 LXXXX
397 1744 566 1779 urbium
602 1753 678 1788 per
714 1746 873 1779 cuneta
909 1743 1046 1780 maria
1081 1744 1331 1790 genetrix.»
1360 1766 1415 1770 —-
1472 1746 1521 1781 In
1557 1746 1725 1783 diuersa
1763 1758 1771 1782 :

138 1803 332 1838 diuersas
372 1821 409 1833 =
445 1812 530 1838 non
561 1812 637 1847 pas
669 1802 848 1838 «divers
873 1813 887 1836 »
916 1803 1116 1848 (uarius),
1147 1803 1255 1839 mais
1287 1805 1491 1849 «oppose,
1523 1805 1772 1842 different».

135 1882 190 1887 —
220 1862 365 1898 Iniere
391 1862 500 1898 mari
528 1872 536 1897 :
565 1862 605 1897 la
632 1871 723 1898 mer
749 1861 1084 1908 Tyrrhenienne.
1114 1863 1347 1908 (Superum
1374 1874 1485 1899 mare
1521 1883 1558 1895 =
1590 1865 1773 1901 l'Adria-

134 1921 288 1967 tique).
321 1942 376 1946 -—
435 1921 573 1957 Maior
607 1921 785 1957 Graecia
821 1931 829 1956 :
867 1930 922 1956 on
957 1921 1021 1957 dit
1056 1922 1151 1966 plus
1186 1926 1373 1959 souvent
1407 1934 1563 1969 magma
1602 1925 1775 1961 Graecia

135 1980 211 2025 (cf.
237 1980 320 2017 Cic.
349 1982 409 2017 De
435 1981 502 2016 Or.
530 1980 596 2016 III
619 1980 684 2023 34,
709 1980 820 2025 139).
845 1980 1098 2025 Cependant
1118 1981 1156 2017 le
1177 1983 1451 2027 comparatis,
1475 1993 1529 2018 au
1549 1983 1654 2019 fond
1676 1984 1773 2029 plus

135 2042 314 2083 correct,
337 2049 380 2075 se
401 2041 630 2076 rencontre
651 2049 803 2075 encore
826 2038 996 2075 ailleurs
1019 2040 1262 2085 (Tite—Live
1285 2042 1444 2078 XXXI
1467 2043 1504 2086 7,
1529 2044 1593 2087 11;
1619 2044 1774 2089 Ovide,

136 2099 250 2135 Fasl.
281 2099 339 2135 IV
357 2099 409 2135 64
433 2109 442 2142 ;
467 2098 562 2135 Val.
583 2100 697 2135 Max.
719 2100 829 2135 VIII
850 2101 872 2136 7
894 2101 995 2136 Ext.
1016 2099 1072 2144 2).
1104 2120 1160 2125 —-
1216 2101 1375 2137 Tuscos
1396 2111 1404 2136 :
1424 2101 1474 2137 ils
1492 2102 1701 2139 viennent
1721 2104 1773 2140 de

136 2157 271 2204 Lydie
288 2158 457 2203 d’apres
474 2168 558 2193 une
573 2157 786 2194 tradition
804 2159 912 2195 dont
930 2160 1153 2196 Herodote
1170 2159 1209 2204 (I
1228 2160 1297 2204 94)
1315 2163 1379 2196 est
1395 2160 1486 2196 l'un
1505 2162 1577 2197 des
1594 2166 1772 2207 garants

134 2214 193 2250 les
245 2214 340 2259 plus
393 2214 601 2250 ariciens:
659 2219 795 2262 «Παρὰ
829 2222 921 2262 σφίσι
965 2215 1042 2261 (les
1087 2215 1293 2261 Lydiens)
1333 2222 1464 2264 λέγουσι
1498 2223 1551 2254 καὶ
1587 2222 1772 2266 Τυρσηνίην

133 2277 314 2311 ἀποικίσαι.
340 2284 355 2307 »
391 2274 569 2310 Chasses
616 2274 668 2309 de
712 2275 862 2320 Lydie,
900 2274 1168 2318 semble-t-il,
1206 2285 1286 2320 par
1317 2275 1376 2312 les
1412 2277 1632 2313 invasions
1670 2278 1772 2315 cim-

135 2333 372 2368 meriennes
395 2333 467 2378 qui
488 2332 729 2369 desolerent
749 2333 880 2369 l'Asie
903 2334 1095 2370 Mineure
1117 2334 1168 2370 de
1189 2331 1269 2371 676
1290 2336 1313 2371 a
1333 2335 1414 2372 630
1435 2336 1615 2373 environ
1635 2340 1773 2374 avant

133 2392 258 2435 J.-C.,
295 2391 354 2427 les
394 2392 634 2437 Etrusques
660 2391 932 2429 s’etablirent
957 2404 1009 2429 en
1039 2393 1178 2438 Italie,
1204 2395 1291 2430 tres
1316 2396 1650 2439 probablement
1674 2407 1772 2433 vers

133 2450 176 2486 la
200 2451 263 2486 fin
291 2451 348 2486 du
376 2451 480 2486 VII⁰
515 2451 656 2495 siecle,
684 2454 726 2488 et
752 2451 909 2488 mirent
935 2453 1030 2497 pres
1057 2453 1109 2489 de
1137 2456 1236 2489 cent
1262 2463 1338 2489 ans
1365 2455 1389 2490 a
1416 2465 1443 2501 y
1468 2455 1656 2500 imposer
1680 2456 1772 2492 leur

135 2509 420 2546 domination.
452 2511 560 2556 Voy.
581 2511 631 2546 A.
653 2510 861 2556 Piganiol,
895 2511 1022 2548 Essai
1039 2523 1112 2548 sar
1129 2513 1184 2548 Ies
1202 2513 1387 2558 oriqines
1405 2515 1453 2550 de
1474 2516 1614 2559 Rome,
1636 2516 1769 2559 Paris,

136 2570 257 2613 1917,
284 2579 356 2614 pp.
383 2569 523 2605 61-67.
549 2591 604 2596 -—
660 2570 773 2615 Tyrii
800 2581 808 2605 :
835 2580 890 2606 on
915 2570 999 2607 sait
1026 2571 1157 2617 qu'au
1185 2573 1269 2608 ΧΙ(Ξ
1294 2572 1433 2617 siecle,
1471 2574 1648 2620 Utique,
1673 2575 1770 2620 plus

134 2629 234 2664 tard
266 2629 494 2674 Carthage,
526 2628 672 2666 iurent
703 2629 879 2665 fondees
912 2639 989 2675 par
1020 2631 1092 2666 des
1126 2631 1304 2677 emigres
1337 2633 1390 2668 de
1422 2634 1521 2680 Tyr.
1556 2634 1769 2670 C’e'taient

136 2687 188 2723 de
219 2687 452 2724 veritables
485 2686 619 2724 villes.
656 2689 777 2732 Mais,
811 2699 863 2724 en
897 2689 1081 2735 general,
1115 2690 1173 2726 les
1209 2691 1460 2728 Pheniciens
1494 2703 1547 2728 ne
1580 2693 1769 2729 creaient

135 2755 218 2792 que
241 2747 314 2783 des
339 2746 573 2792 comptoirs
598 2748 694 2792 (par
717 2758 782 2784 ex.
809 2748 917 2784 dans
941 2748 1026 2785 l'ile
1051 2749 1102 2785 de
1129 2749 1328 2796 Cythere,
1354 2762 1406 2787 en
1431 2751 1570 2795 Sicile‚
1597 2762 1647 2787 en
1673 2752 1770 2788 Sar-

135 2805 307 2852 daigne)
333 2808 510 2842 servant
537 2806 560 2842 a
585 2806 675 2842 leur
700 2816 951 2843 commerce.
984 2829 1039 2833 —
1099 2809 1355 2854 Hispaniam
1379 2811 1510 2847 Poeni
1537 2821 1545 2846 ε
1574 2811 1768 2856 seneque

133 2873 264 2910 pense
283 2865 615 2911 probablement
637 2866 661 2902 a
682 2866 950 2912 Carthagene
971 2867 1126 2903 fondee
1147 2877 1225 2913 par
1245 2869 1303 2905 les
1326 2869 1624 2915 Carthaginois
1647 2872 1768 2906 entre

134 2922 177 2960 la
204 2924 413 2969 premiere
443 2926 487 2960 et
516 2923 558 2960 la
587 2925 770 2961 seconde
799 2934 948 2971 guerre
978 2926 1170 2973 punique
1202 2938 1210 2963 :
1244 2939 1259 2962 «
1283 2928 1602 2974 Carthaginem,
1634 2938 1767 2974 quarn

136 2982 226 3019 dux
256 2984 498 3020 Poenorum
532 2984 782 3020 Hasdrubal
813 2985 1060 3022 condidit.»
1090 2987 1263 3032 (Pomp.
1297 2987 1393 3024 Mel.
1430 2988 1472 3023 11
1503 2988 1541 3032 6,
1575 2988 1658 3033 94).
1694 2987 1775 3024 S'il-

1876 348 1928 387 2.
