2195 3345
425 225 486 270 40
724 238 768 270 L.
804 238 969 270 ANNAEI
1003 238 1198 270 SENECAE
1229 239 1550 272 DIALOGORUM
1578 240 1673 272 LIB.
1703 241 1772 273 XII

425 355 563 411 longo
599 359 759 399 tractu
795 369 901 399 cum
937 355 1038 399 luce
1072 356 1225 398 multa
1260 356 1672 412 praeteruolantis,
1709 357 1823 400 dum
1858 371 1966 402 cum
2001 359 2080 403 his

425 426 514 469 sim
534 430 584 469 et
604 427 900 477 caelestibus,
924 438 1016 483 qua
1039 427 1217 470 homini
1238 427 1311 470 fas
1330 431 1418 478 est,
1440 428 1702 478 inmiscear,
1725 428 1838 471 dum
1859 430 2074 474 animum

423 498 486 541 ad
537 501 847 554 cognatarum
895 511 1052 540 rerum
1102 502 1408 555 conspectum
1458 499 1735 542 tendentem
1784 500 1832 542 in
1881 500 2074 545 sublimi

423 581 607 625 semper
632 568 833 612 habeam
863 583 873 612 :
899 572 1133 625 quantum
1158 569 1303 613 refert
1325 582 1446 620 mea,
1474 570 1586 626 quid
1613 570 1788 613 calcem
1815 570 1840 614 ‘2

516 640 595 683 IX.
631 666 677 670 —
708 654 726 682 «
744 640 811 682 At
834 652 929 682 non
953 643 1028 683 est
1052 640 1168 684 haec
1192 644 1316 683 terra
1343 641 1673 697 frugiferarum
1711 645 1798 684 aut
1837 641 2070 686 laetarum

420 710 645 754 arborum
662 710 798 753 ferax
820 725 832 761 ;
854 723 949 753 non
975 711 1159 768 magnis
1175 725 1261 755 nec
1276 711 1624 768 nauigabilibus
1649 712 1903 756 fluminum
1924 713 2076 757 alueis

421 781 653 838 inrigatur
678 795 689 832 ;
715 781 833 825 nihil
856 782 1023 839 gignit,
1051 783 1177 839 quod
1204 783 1322 826 aliae
1347 786 1512 839 gentes
1538 786 1722 839 petant,
1749 784 1834 827 uix
1857 784 1917 827 ad
1945 787 2078 828 tute-

499 911 542 945 N.
564 912 599 944 C.
624 933 659 938 —
677 915 772 947 VIII
790 914 822 947 6.
840 913 967 946 habeat
988 913 1020 945 A
1036 921 1045 951 ;
1062 912 1212 944 habeam
1226 919 1285 952 ug.
1304 929 1339 935 -
1368 911 1423 944 IX
1444 912 1475 944 1.
1495 912 1589 944 aliae
1608 912 1655 944 A²
1673 920 1765 945 corr.
1787 921 1833 944 ex
1852 913 1928 945 alia
1947 913 2005 946 Αἱ.
2026 930 2064 937 -

423 965 567 1002 (1111116Ιᾶ
594 969 652 1008 ΑΙ,
673 977 765 1001 corr.
786 969 844 1001 ΑΞ.

422 1093 607 1128 superne
650 1085 777 1118 coetu
819 1080 1028 1124 labentia,
1072 1079 1444 1125 quemadmodum
1487 1077 1768 1114 uelocitatem
1812 1088 1938 1115 suam
1980 1080 2064 1116 sub

421 1142 562 1188 specie
587 1140 745 1178 stantis
771 1143 905 1186 atque
928 1138 1084 1175 inmoti
1109 1137 1247 1183 operis
1274 1138 1559 1173 abscondant.
1589 1138 1803 1182 Quantum
1828 1137 1908 1174 isla
1931 1140 2064 1182 nocte,

420 1212 546 1249 quam
570 1204 612 1237 tu
639 1201 684 1237 in
706 1210 928 1237 numerum
953 1210 999 1235 ac
1023 1198 1247 1234 discrimen
1271 1197 1433 1233 dierum
1456 1197 1667 1240 obseruas,
1693 1197 1865 1242 agitur!
1896 1197 2071 1242 Quanta

419 1272 558 1297 rerum
584 1261 706 1296 turba
730 1260 809 1296 sub
835 1260 907 1295 hoc
933 1258 1098 1294 silentio
1124 1257 1379 1296 Feuoluitur!
1422 1257 1643 1301 Quantam
1678 1256 1872 1292 fatorum
1909 1257 2064 1293 seriem

421 1323 563 1357 certus
594 1320 716 1356 limes
749 1318 925 1355 educit!
964 1319 1068 1361 Ista,
1101 1326 1212 1362 quae
1243 1319 1293 1352 tu
1326 1325 1412 1351 non
1446 1315 1584 1359 aliter,
1619 1325 1751 1361 quam
1783 1316 1827 1351 in
1859 1316 2058 1353 decorem

420 1390 570 1426 sparsa
601 1379 861 1421 consideras,
893 1377 1062 1423 singula
1091 1376 1134 1411 in
1167 1385 1294 1421 opere
1325 1377 1471 1411 sunt...
1507 1376 1751 1410 Paucorum
1782 1378 1927 1412 motus
1959 1385 2060 1412 con-

419 1439 742 1485 prehendimus,
776 1436 1112 1473 innumerabiles
1146 1445 1248 1471 uero
1277 1434 1593 1482 longiusqueta
1626 1437 1862 1479 conspectu
1889 1435 2058 1471 seducti

421 1499 464 1534 di
490 1500 557 1544 (z
572 1499 632 1534 les
650 1501 800 1541 astres,
829 1497 998 1542 d'apres
1026 1496 1084 1531 les
1102 1495 1323 1539 stoi‘ciens)
1338 1496 1442 1529 eunt
1457 1494 1743 1539 redeuntque,
1760 1497 1803 1530 et
1819 1504 1872 1529 ex
1886 1493 1966 1538 his,
1984 1493 2059 1540 qui

420 1558 565 1594 oculos
598 1560 768 1593 nostros
801 1556 1046 1602 patiuntur,
1079 1553 1274 1599 plerique
1306 1554 1488 1588 obscuro
1521 1553 1658 1598 gradu
1690 1555 1877 1598 pergunt
1909 1555 1953 1589 et
1984 1562 2067 1598 per·

419 1618 640 1654 occultum
663 1618 865 1662 aguntur.
891 1627 906 1649 ›>
926 1636 981 1640 —
1042 1613 1300 1650 Caelestibus
1325 1623 1333 1647 ε
1358 1612 1410 1647 cf.
1435 1612 1497 1648 VI
1521 1613 1557 1648 7.
1581 1633 1636 1637 —-
1695 1612 1788 1656 Qua
1811 1622 1819 1646 :
1844 1621 1899 1653 ou
1921 1612 2021 1647 bien
2045 1623 2054 1647 :

419 1690 435 1712 <‹
450 1687 559 1723 pour
575 1679 733 1712 autant
749 1686 832 1721 que
850 1684 934 1710 »ou
951 1673 1050 1709 bien
1068 1684 1076 1708 :
1095 1683 1204 1718 «par
1221 1672 1275 1707 ou
1293 1683 1306 1705 »
1322 1671 1607 1716 (c’est-a-dire
1625 1680 1703 1716 par
1718 1670 2057 1717 l'intelligence).

417 1759 472 1763 ——
533 1738 823 1782 cognatarum
851 1745 859 1769 :
886 1734 945 1769 les
973 1736 1108 1769 astres
1136 1733 1260 1768 etant
1290 1730 1453 1766 animes
1482 1731 1540 1766 du
1566 1731 1705 1766 meme
1731 1730 1803 1766 feu
1831 1730 1951 1766 divin
1978 1730 2052 1776 qui

419 1795 637 1833 constitue
667 1795 796 1831 l'ame
828 1795 880 1829 de
910 1793 1129 1828 l’homme.
1163 1792 1272 1836 Voy.
1306 1790 1348 1825 la
1379 1792 1482 1826 note
1513 1800 1585 1825 sur
1615 1790 1769 1825 diuina
1799 1790 1880 1834 (VI
1911 1790 1967 1834 8).
2000 1810 2056 1815 —-

422 1858 569 1894 Rel'ert
592 1867 600 1892 z
626 1857 727 1892 chez
751 1854 926 1890 Ciceron
951 1855 993 1888 et
1017 1852 1158 1893 Cesar,
1182 1860 1237 1885 on
1261 1860 1313 1885 ne
1335 1852 1492 1885 trouve
1515 1859 1598 1894 que
1623 1849 1798 1884 interest.
1832 1869 1887 1874 ——
1945 1848 2055 1893 Quid

419 1917 582 1953 calcem
607 1926 615 1951 :
660 1926 675 1949 «
698 1913 796 1960 quel
839 1912 901 1948 sol
943 1912 985 1956 je
1015 1911 1131 1946 foule
1155 1921 1181 1944 ».
1239 1910 1386 1954 Quant
1412 1909 1436 1944 a
1458 1908 1598 1951 l’idee,
1624 1918 1724 1954 voy.
1753 1908 1910 1944 Introd.
1946 1910 1966 1953 ξ
1989 1908 2057 1951 22,

418 1979 461 2012 et
481 1976 534 2012 Cf.
557 1975 699 2020 Epict.
725 1973 839 2010 Diss.
865 1972 907 2006 II
929 1971 994 2013 16,
1015 1970 1067 2006 32
1089 1980 1097 2004 2
1120 1980 1135 2002 <‹
1171 1973 1262 2005 Πότε
1281 1972 1341 2005 οὖν
1362 1972 1506 2012 Ἀθήνας
1527 1972 1629 2004 πάλιν
1658 1975 1782 2014 ὄψομαι
1805 1973 1858 2004 καὶ
1876 1973 1936 2012 τὴν
1961 1971 2059 2014 ἀκρό-

416 2043 515 2073 πολιν
525 2051 538 2082 ,·
560 2059 598 2063 -
624 2038 655 2070 Τ
652 2038 745 2076 άλας,
763 2036 821 2069 οὑκ
838 2036 928 2077 ἀρκεῖ
948 2046 1000 2067 σοι
1018 2036 1038 2066 ἃ
1053 2034 1189 2076 βλέπεις
1207 2032 1278 2065 καθ’
1301 2033 1450 2074 ἡμέρως
1470 2032 1632 2074 Κρεὶττόν
1652 2043 1683 2063 τι
1702 2034 1788 2072 ἑχεις
1805 2033 1825 2071 ἢ
1842 2034 1954 2072 μεῖζον
1980 2031 2060 2064 ἱόεῖν

416 2103 474 2132 τοῦ
493 2099 599 2139 ἡλίου,
619 2103 674 2137 τῆς
693 2098 842 2137 σελήνης,
862 2101 925 2127 τῶν
945 2096 1084 2136 ἄστρων,
1107 2097 1162 2132 τῆς
1179 2097 1237 2134 γῆς
1256 2094 1344 2131 ὅλης,
1365 2096 1420 2131 τῆς
1440 2091 1628 2132 θαλάσσης,·
1645 2101 1660 2121 ))

502 2155 573 2190 ΙΧ.
613 2154 647 2188 1.
681 2173 736 2176 ——
773 2151 909 2195 Apres
951 2148 1071 2184 avoir
1111 2147 1364 2191 developpe,
1388 2156 1442 2181 au
1465 2145 1661 2190 chapitre
1682 2145 1930 2190 precedent,
1956 2145 2054 2180 l'ar-

419 2216 600 2261 gument
629 2213 681 2248 de
708 2212 892 2253 Varron,
920 2209 1110 2244 l’auteur
1137 2217 1262 2252 passe
1289 2205 1343 2241 ici
1372 2206 1395 2241 a
1424 2205 1532 2241 celui
1560 2206 1611 2240 de
1638 2205 1814 2240 Brutus.
1847 2225 1901 2229 -—
1958 2205 2016 2240 At
2045 2215 2055 2240 z

417 2277 505 2310 sert
528 2273 715 2308 souvent
739 2271 763 2306 a
785 2269 1028 2306 introduire
1050 2277 1135 2302 une
1159 2265 1380 2311 objection
1403 2265 1536 2310 qu'on
1559 2273 1746 2309 suppose
1768 2263 1875 2300 faite
1896 2273 1976 2309 par
1997 2273 2057 2299 un

418 2332 664 2369 adversaire
695 2328 949 2374 imaginaire
983 2338 992 2362 ε
1027 2325 1187 2369 «Mais,
1221 2325 1432 2361 dira-t-on
1456 2335 1470 2358 »
1508 2333 1562 2359 ou
1604 2334 1619 2358 «
1642 2323 1885 2359 direz-vous
1909 2334 1937 2358 ».
1989 2323 2058 2360 On

419 2391 603 2437 emploie
629 2389 757 2432 aussi,
785 2390 892 2424 dans
918 2387 957 2423 le
982 2387 1123 2422 meme
1148 2394 1258 2428 senS,
1285 2386 1326 2420 at
1351 2384 1463 2419 enim
1488 2383 1578 2428 (Ad
1605 2383 1856 2419 Marc.V11
1882 2383 1938 2426 1;
1966 2381 2050 2419 Cic.

427 2454 547 2489 Tusc.
574 2452 631 2486 IV
651 2450 719 2493 26,
742 2448 825 2493 56).
847 2469 902 2473 -—
956 2446 1051 2482 Non
1071 2444 1271 2505 magnis:
1294 2443 1385 2479 cela
1406 2446 1470 2479 est
1493 2441 1602 2485 vrai,
1624 2441 1676 2478 cf.
1701 2442 1828 2478 Diod.
1851 2442 1976 2485 V13,
1998 2441 2059 2477 5:

417 2516 624 2557 «Ποταμοῖς
647 2513 884 2556 διαρρεομένην
910 2509 1048 2553 (χώραν)
1074 2512 1291 2551 μικροῖς.»
1321 2524 1376 2528 —
1425 2503 1689 2538 Laetarum:
1727 2500 1932 2546 applique
1969 2510 2057 2536 aux

417 2571 643 2612 moissons,
673 2569 804 2604 laetus
835 2565 1027 2611 exprime
1059 2562 1185 2599 l'idee
1222 2562 1262 2597 d'
1270 2562 1538 2605 abondance,
1561 2561 1613 2596 de
1644 2560 1837 2597 fertilite.
1871 2559 1944 2603 Ici‚
1976 2569 2052 2605 op—

415 2631 519 2678 pose
565 2631 589 2666 a
628 2628 946 2674 sruyiserarum,
992 2634 1038 2660 ce
1074 2625 1168 2659 mot
1204 2621 1377 2667 designe
1412 2617 1784 2666 probablement,'
1811 2629 1978 2656 comme
2015 2619 2058 2655 le

415 2699 644 2735 remarque
682 2689 737 2724 Μ.
779 2685 900 2728 Duff,
937 2683 1226 2719 l'abondance
1263 2691 1349 2717 non
1372 2681 1444 2716 des
1465 2680 1607 2723 fruits,
1629 2679 1737 2716 mais
1760 2680 1818 2715 du
1834 2678 2054 2724 feuillage.

418 2751 613 2795 Seneque
642 2750 706 2783 est
732 2746 921 2791 injuste:
950 2742 1037 2778 l'ile
1068 2741 1203 2785 avait,
1233 2751 1288 2776 au
1315 2739 1543 2783 contraire,
1568 2739 1620 2774 de
1645 2740 1828 2785 grandes
1850 2741 1894 2774 et
1920 2737 2053 2773 belles

415 2810 563 2846 forets.
592 2808 692 2854 (Sur
718 2816 765 2842 ce
790 2804 929 2850 point,
952 2811 1119 2838 comme
1145 2811 1217 2836 sur
1242 2802 1343 2837 tout
1370 2810 1416 2835 ce
1442 2807 1623 2844 passage
1646 2798 1790 2834 relatis
1812 2797 1892 2834 ala
1908 2797 2053 2840 Corse,

416 2879 517 2915 voy.
546 2867 702 2903 Introd.
738 2866 757 2910 ξ
782 2864 821 2908 6,
847 2873 898 2898 en
923 2860 1172 2906 particulier
1197 2870 1238 2905 p.
1267 2859 1408 2904 XIV.)
1439 2859 1497 2893 Le
1520 2857 1746 2903 jugement
1775 2858 1828 2893 de
1856 2856 2052 2902 Seneque

417 2939 435 2964 s
440 2927 657 2973 'explique
691 2926 715 2961 a
746 2924 789 2959 la
819 2922 900 2958 fois
938 2930 1017 2966 par
1046 2920 1106 2956 les
1140 2918 1419 2964 preventions
1458 2917 1509 2952 de
1545 2917 1701 2960 l’exile,
1735 2913 2050 2961 l’exageration

416 2997 572 3034 propre
608 2987 632 3022 a
665 2985 707 3021 la
739 2979 1044 3024 declamation,
1081 2978 1198 3015 enfin
1227 2988 1306 3023 par
1336 2978 1394 3014 les
1419 2976 1642 3022 exigences
1666 2976 1724 3011 du
1747 2983 1875 3021 genre
1898 2981 2057 3011 conso-
