2154 3377
364 185 425 215 An
454 184 672 215 namnum
708 184 909 216 MATREM
946 185 1007 215 oi:
1031 184 1409 218 consomrmnn.
1435 187 1518 217 xni
1700 175 1758 221 75

125 302 269 345 minia
293 305 346 344 tu
370 304 511 358 putas
534 314 820 358 quemquam
844 301 1104 357 sapientem
1130 303 1305 344 moueri
1331 315 1480 358 posse,
1506 304 1584 359 qui
1607 306 1764 347 omnia

125 373 172 415 in
202 386 248 416 se
279 372 503 429 reposuit,
535 372 615 428 qui
643 372 706 414 ab
734 371 1036 428 opinionibus
1066 372 1189 428 uolgi
1220 373 1411 416 secessit
1436 374 1459 416 ‘2
1490 374 1594 430 plus
1622 376 1766 418 etiam

126 456 268 500 quam
293 443 547 498 ignominia
569 446 644 486 est
664 455 790 486 mors
812 443 1121 498 ignominiosa
1148 458 1158 486 :
1183 444 1397 486 Socrates
1420 448 1580 487 tamen
1602 446 1766 488 codem

126 514 203 556 illo
236 514 386 563 uoltu,
420 526 512 571 quo
545 514 739 569 triginta
772 517 1001 570 tyrannos
1033 514 1158 557 solus
1188 514 1445 571 aliquando
1478 516 1524 558 in
1555 516 1767 558 ordinem

126 584 383 640 redegerat,
406 597 636 628 carcerem
658 585 860 628 intrauit
877 585 1183 641 ignominiam
1204 586 1293 642 ipsi
1314 586 1415 629 loco
1435 586 1736 629 detracturus
1760 603 1771 638 ;

126 668 277 711 neque
305 656 430 698 enim
462 659 652 712 poterat
681 668 836 699 carcer
864 656 1030 705 uideri,
1061 657 1108 698 in
1139 669 1231 713 quo
1264 657 1478 700 Socrates
1506 660 1626 700 erat.
1659 657 1772 712 Quis

126 737 273 782 usque
297 739 351 768 eo
377 726 438 769 ad
464 727 844 782 conspiciendam
869 727 1121 770 ueritatem
1145 731 1428 770 excaecatus
1450 731 1538 777 est,
1564 732 1621 771 ut
1643 729 1776 785 igno-

128 797 321 840 miniam
369 801 508 853 putet
553 798 697 841 Marci
744 798 936 842 Catonis
980 798 1121 841 fuisse.
1168 798 1403 854 duplicem
1450 799 1498 841 in
1543 799 1772 855 petitione

215 951 252 987 4.
286 971 339 976 --
398 951 667 998 Quemquam
701 962 709 987 ε
744 952 978 998 quisquam,
1011 960 1179 987 comme
1211 960 1344 995 nemo,
1377 954 1482 996 peut
1513 960 1556 988 se
1589 953 1771 997 prendre

132 1019 299 1046 comme
319 1011 423 1056 adj„
443 1014 615 1047 surtout
637 1021 742 1047 avec
762 1012 835 1047 des
855 1019 978 1046 noms
999 1011 1051 1046 de
1071 1020 1304 1055 personnes
1324 1011 1428 1056 (Cic.
1455 1011 1522 1047 Ad
1545 1012 1628 1047 Au.
1649 1012 1686 1047 V
1706 1012 1771 1056 10,

133 1071 171 1113 4,
202 1070 417 1115 l'emploie
447 1072 586 1106 meme
615 1080 720 1105 avec
750 1080 808 1105 un
840 1080 941 1106 nom
971 1070 1023 1105 dc
1053 1070 1212 1114 chose).
1247 1070 1352 1105 Mais
1383 1071 1436 1106 ici
1465 1071 1493 1106 il
1524 1074 1588 1107 est
1617 1072 1773 1115 subst.‚

133 1138 260 1174 parce
282 1139 380 1175 que,
403 1130 625 1175 lorsqu'un
649 1139 831 1174 pronom
853 1129 1036 1165 indefini
1060 1131 1126 1165 est
1146 1129 1259 1174 joint
1282 1130 1380 1165 aun
1402 1130 1489 1175 adj.
1513 1131 1585 1175 (ici
1606 1131 1774 1176 sapien-

133 1190 244 1232 tem),
272 1189 377 1225 c’est
403 1190 441 1224 le
467 1198 588 1234 pron.
618 1189 692 1234 qui
717 1189 818 1234 joue
844 1189 882 1224 le
909 1189 997 1224 role
1023 1189 1076 1224 de
1102 1189 1240 1224 subst.
1269 1191 1311 1224 et
1338 1198 1424 1224 non
1450 1189 1571 1234 l'adj.
1597 1201 1606 1233 ;
1634 1190 1687 1225 cf.
1715 1190 1774 1226 les

133 1249 402 1292 expressions
433 1259 440 1283 :
470 1258 588 1284 nemo
614 1249 754 1284 doctus
781 1248 842 1293 (et
871 1258 956 1284 non
987 1259 994 1283 :
1023 1248 1167 1283 nullus
1192 1248 1367 1292 doctus),
1395 1259 1513 1284 nemo
1544 1250 1775 1292 Romanus,

133 1317 252 1342 nemo
275 1307 505 1353 improbus,
528 1310 610 1343 etc.
644 1328 698 1332 -—
755 1307 805 1343 In
825 1317 870 1343 se
893 1318 901 1342 :
924 1307 978 1342 cf.
1003 1308 1039 1342 V
1062 1308 1098 1342 1.
1130 1327 1186 1332 ——-
1244 1307 1523 1352 opinionibus
1546 1319 1554 1343 :
1577 1308 1630 1344 cf.
1658 1308 1716 1344 IV
1736 1308 1774 1344 3.

137 1386 190 1390 --
249 1366 443 1403 Socrates
477 1377 485 1402 :
520 1367 687 1403 modele
722 1366 774 1402 de
805 1367 987 1402 fermete
1021 1366 1164 1402 d'ame
1196 1368 1239 1402 et
1272 1366 1324 1402 de
1356 1369 1604 1411 constance,
1636 1368 1777 1403 meme

137 1434 246 1470 pour
271 1425 330 1461 les
358 1427 575 1469 stoiciens,
604 1426 713 1462 dont
740 1426 782 1461 la
809 1426 1005 1462 doctrine
1033 1426 1218 1470 procede
1245 1425 1303 1461 du
1331 1427 1538 1472 cynisme,
1566 1427 1707 1472 lequel
1733 1436 1777 1462 se

138 1485 321 1521 reclame
350 1485 403 1521 de
433 1485 609 1521 Socrate
634 1497 643 1528 ;
674 1485 727 1521 cf.
765 1486 825 1521 De
858 1485 995 1522 Const.
1029 1485 1187 1520 XVIII
1217 1485 1241 1520 5
1265 1496 1275 1528 ;
1305 1497 1320 1519 (ι
1345 1485 1426 1529 Qui
1455 1486 1778 1521 comoediarum

136 1544 381 1589 publicatos
397 1545 441 1580 in
458 1555 546 1580 se...
565 1545 673 1580 sales
689 1545 732 1580 in
750 1547 920 1590 partem
938 1545 1099 1580 bonam
1115 1545 1283 1589 accepit
1307 1545 1489 1590 risitque
1511 1554 1597 1580 non
1620 1545 1779 1589 minus,

138 1613 271 1649 quam
303 1613 401 1639 cum
435 1605 488 1639 ab
522 1614 656 1640 uxore
693 1604 948 1649 Xanthippe
979 1604 1195 1639 inmunda
1227 1613 1342 1649 aqua
1374 1604 1708 1648 perfunderetur
1732 1616 1779 1648 »3

140 1663 221 1708 Ep.
251 1663 348 1699 CIV
373 1663 426 1699 28
455 1674 463 1699 ε
494 1676 509 1697 «
532 1664 653 1699 Haec
678 1673 815 1709 usque
843 1673 891 1699 eo
919 1663 1114 1699 animum
1143 1663 1331 1699 Socratis
1359 1672 1446 1698 non
1472 1666 1704 1700 mouerant
1730 1666 1781 1700 ut

138 1731 191 1757 ne
221 1722 394 1758 uultum
417 1723 594 1768 quidem
616 1725 888 1758 mouerent...
912 1722 1059 1768 Vsque
1083 1722 1139 1757 ad
1167 1724 1412 1758 extremum
1435 1732 1513 1758 nec
1535 1723 1782 1758 hilariorem

139 1782 371 1827 quisquam
395 1792 473 1818 nec
494 1783 732 1818 tristiorem
766 1782 974 1818 Socraten
1003 1781 1129 1817 uidit.
1157 1794 1172 1815 »
1208 1802 1263 1806 ——
1319 1782 1512 1827 Triginta
1541 1786 1748 1828 tyrannos
1774 1793 1782 1817 :

140 1841 263 1885 apres
290 1841 331 1876 la
357 1849 506 1887 guerre
532 1842 589 1877 du
619 1842 896 1887 Peloponese,
923 1851 983 1876 un
1010 1843 1353 1886 gouvernement
1380 1841 1714 1887 aristrocatique
1740 1844 1784 1878 et

142 1901 228 1936 ami
255 1900 307 1936 de
334 1901 632 1937 Laeedemone
659 1901 727 1937 fut
753 1901 937 1937 institue
964 1901 988 1936 a
1015 1900 1234 1936 Athenes:
1263 1901 1298 1935 le
1327 1900 1495 1936 Conseil
1519 1901 1588 1936 des
1623 1901 1779 1937 Trente.

141 1958 221 1995 Les
244 1959 372 1996 Grecs
402 1970 455 1996 ne
487 1961 545 1996 les
583 1961 803 2006 appellent
836 1970 950 2006 que:
985 1964 1017 1996 oz
1049 1964 1246 2006 τριάκοντα;
1281 1960 1340 1995 les
1375 1960 1584 1995 Romains
1614 1960 1783 1997 disent:

142 2019 316 2065 triyinta
343 2020 513 2065 tyranni
540 2020 630 2065 (ct,
659 2023 783 2056 outre
813 2022 936 2055 notre
965 2027 1161 2064 passage,
1185 2019 1278 2054 Val.
1305 2019 1419 2054 Max.
1448 2019 1515 2055 III
1535 2019 1575 2063 2,
1597 2022 1684 2056 ext.
1714 2020 1785 2065 6);

142 2078 427 2124 l’adjonction
452 2079 504 2115 de
528 2080 700 2125 tyranni
725 2082 789 2115 est
814 2079 1005 2114 motivee
1029 2079 1249 2123 peut—etre
1272 2086 1351 2122 par
1373 2078 1589 2114 l'absence
1613 2079 1666 2114 de
1688 2079 1787 2115 l'ar-

144 2138 245 2174 tiele
272 2147 325 2174 en
351 2138 474 2174 latin.
505 2139 581 2175 Ces
609 2139 804 2175 hommes
824 2148 867 2174 se
896 2137 1196 2174 conduisirent
1218 2147 1385 2173 comme
1406 2138 1459 2173 de
1483 2138 1597 2174 vrais
1618 2141 1790 2185 tyram,

144 2206 196 2232 en
211 2197 462 2242 particulier
476 2198 645 2234 Critias.
677 2218 733 2223 -
790 2198 840 2234 ln
855 2197 1049 2234 ordInem
1064 2198 1284 2243 redegerat
1300 2207 1309 2232 ε
1325 2197 1410 2233 litt.
1429 2208 1444 2231 <‹
1464 2197 1603 2233 forcer
1616 2207 1676 2232 un
1691 2198 1787 2234 offi-

145 2256 230 2292 cier
251 2256 276 2292 a
297 2257 493 2293 marcher
515 2257 622 2293 dans
645 2258 704 2293 les
726 2265 871 2303 rangs,
894 2266 1063 2292 comme
1085 2266 1144 2291 un
1173 2256 1327 2300 simple
1348 2256 1491 2292 soldat
1514 2268 1529 2290 ›>
1560 2278 1615 2282 —
1646 2269 1661 2291 «
1681 2257 1788 2293 faire

152 2318 319 2352 rentrer
330 2316 437 2351 dans
449 2316 486 2352 le
497 2325 604 2362 rang
627 2329 642 2351 »
667 2326 834 2352 comme
860 2324 968 2352 nous
996 2316 1143 2352 disons
1164 2335 1220 2340 —-
1243 2315 1316 2360 (cf.
1344 2315 1568 2351 Tite-Live
1595 2316 1724 2352 XXV
1748 2317 1787 2359 3,

152 2375 218 2418 19,
238 2377 281 2410 et
300 2375 341 2410 la
360 2378 462 2411 note
481 2376 534 2412 de
551 2376 748 2412 l'edition
768 2376 988 2412 Riemann
1008 2377 1051 2411 et
1070 2375 1282 2419 Benoist).
1303 2375 1371 2410 Au
1390 2375 1463 2420 fig.
1484 2377 1600 2411 cette
1619 2385 1788 2421 expres-

146 2435 240 2470 sion
257 2435 425 2480 signifie
445 2446 453 2470 ε
474 2447 489 2467 «
510 2435 664 2471 traiter
681 2445 780 2470 sans
798 2437 982 2480 respect,
1001 2434 1223 2479 mepriser,
1241 2433 1454 2469 mortifier
1477 2446 1504 2477 »,
1524 2434 1577 2470 cf.
1602 2435 1664 2470 De
1684 2436 1790 2472 Ben.

151 2493 168 2528 I
189 2494 228 2536 4,
252 2494 289 2536 1,
315 2494 381 2529 III
402 2494 469 2537 37,
490 2495 514 2529 4
538 2505 548 2538 ;
571 2495 706 2538 Pline,
731 2495 812 2540 Ep.
838 2494 882 2530 II
902 2493 926 2530 6
950 2494 990 2537 ,5
1014 2505 1024 2537 ;
1047 2493 1285 2538 Quintilien
1322 2493 1339 2528 I
1360 2493 1399 2536 4,
1420 2493 1458 2528 3.
1504 2513 1559 2518 —
1617 2495 1789 2530 Detrac-

147 2558 269 2588 turus
289 2564 297 2588 :
317 2553 370 2588 cf.
393 2553 458 2589 XI
478 2554 514 2589 1.
546 2574 601 2579 —
663 2555 857 2590 career...
877 2553 922 2589 in
940 2563 1025 2600 quo
1044 2553 1239 2589 Socrates
1259 2562 1267 2587 :
1287 2551 1328 2587 la
1346 2552 1508 2597 grande
1526 2552 1788 2589 admiration

149 2622 232 2658 que
262 2613 452 2657 professe
482 2613 676 2659 seneque
705 2622 815 2658 pour
844 2612 1022 2649 Socrate
1051 2621 1107 2647 va
1136 2611 1283 2656 plutot
1313 2611 1338 2647 a
1366 2611 1571 2647 l'homme
1604 2615 1646 2647 et
1684 2612 1707 2647 a
1742 2622 1789 2648 sa

149 2672 219 2708 vie
243 2672 345 2718 qu'a
368 2681 416 2707 sa
440 2672 649 2716 doctrine,
676 2673 782 2719 qu'il
807 2681 832 2706 a
857 2672 955 2707 bien
979 2680 1029 2707 su
1054 2671 1301 2716 cependant
1326 2670 1482 2706 definir
1506 2680 1557 2706 en
1583 2671 1788 2717 quelques

151 2733 265 2767 mots
294 2742 302 2767 :
333 2743 347 2765 e
378 2731 521 2767 Totam
546 2731 859 2778 philosophiam
885 2731 1100 2766 reuocauit
1135 2730 1189 2766 ad
1216 2739 1346 2765 mores
1370 2741 1385 2763 υ
1421 2729 1524 2775 (Ερ.
1554 2729 1704 2765 LXXI
1733 2731 1787 2776 7).

153 2790 234 2827 Sur
261 2800 308 2826 ce
337 2791 606 2836 philosophe,
636 2800 736 2837 voy.
769 2799 921 2826 encore
956 2790 1017 2825 De
1057 2789 1137 2825 vit.
1173 2788 1223 2824 Β.
1256 2787 1409 2823 XXVI
1439 2788 1509 2824 4-8
1539 2791 1582 2824 et
1613 2789 1789 2825 XXVII

155 2850 175 2885 1
202 2859 296 2896 sqq.
322 2861 332 2894 ;
361 2851 422 2886 De
449 2850 552 2886 Ben.
578 2850 665 2886 VII
689 2850 756 2893 24,
785 2849 868 2885 1-2.
903 2869 958 2874 —

241 2909 279 2946 5.
311 2929 366 2934 —
424 2910 517 2945 Ad:
539 2910 592 2945 cf.
616 2909 682 2945 XI
703 2911 738 2945 1.
774 2929 827 2934 —
886 2908 1020 2944 Marci
1041 2907 1212 2944 catonis
1234 2917 1242 2942 :
1264 2906 1317 2942 cf.
1343 2905 1407 2942 IX
1427 2907 1450 2942 5
1469 2908 1513 2942 et
1531 2906 1571 2941 la
1591 2909 1705 2943 note.
1738 2927 1791 2932 —

1687 3015 1722 3043 10

1871 662 1910 696 §5¹
