2154 3377
418 217 481 248 AD
515 216 734 248 HELVIAM
768 215 971 247 MATREM
1007 215 1068 246 DE
1101 214 1481 247 CONSOLATIONE.
1512 215 1576 245 Vll
1755 201 1813 246 27

173 336 336 390 ignota
373 338 601 392 peterent,
637 346 764 377 mare
799 333 971 382 hausit,
1008 333 1240 389 quaedam
1276 332 1338 374 ibi
1373 332 1700 380 consederunt,
1734 333 1813 375 ubi

176 407 280 450 illas
323 420 476 449 rerum
518 405 730 448 omnium
773 404 930 460 inopia
973 403 1208 460 deposuit.
1253 403 1350 446 Nec
1390 402 1610 445 omnibus
1650 403 1813 445 eadem

175 490 318 521 causa
355 475 645 533 relinquendi
683 475 1030 531 quaerendique
1068 474 1270 531 patriam
1309 473 1402 517 fuit
1439 488 1448 516 :
1484 473 1600 515 alios
1634 474 1815 516 excidia

177 547 365 591 urbium
404 560 593 590 suarum
635 545 883 588 hostilibus
919 546 1061 588 armis
1098 546 1281 602 elapsos
1319 546 1365 587 in
1402 545 1553 587 aliena
1592 545 1819 601 spoliatos

175 619 272 662 suis
314 619 633 675 expulerunt;
687 617 803 659 alios
853 617 1110 660 domestica
1156 617 1322 659 seditio
1367 616 1660 666 summouit3
1702 616 1818 658 alios

176 690 321 733 nimia
359 688 693 745 superfluentis
732 688 893 744 populi
931 688 1196 745 frequentia
1235 688 1295 730 ad
1334 687 1658 730 exonerandas
1696 687 1819 729 uires

174 761 368 810 emisit;
402 760 518 803 alios
552 759 820 815 pestilentia
855 763 941 802 aut
974 759 1244 814 frequentes
1277 761 1507 801 terrarum
1543 758 1701 801 hiatus
1733 762 1821 801 aut

172 832 333 888 aliqua
361 831 656 874 intoleranda
687 830 883 873 infelicis
911 830 995 872 soli
1023 829 1141 872 uitia
1169 829 1409 872 eiecerunt
1432 844 1442 880 ;
1472 830 1702 886 quosdam
1731 830 1821 872 fer-

257 978 298 1010 Ν.
321 977 356 1010 C.
381 996 415 1001 -
440 978 513 1010 VII
532 977 564 1010 3.
591 987 688 1010 mare
706 977 853 1009 retinuit
870 976 965 1009 coni.
988 976 1181 1008 Matthiae.
1207 993 1243 998 —
1269 975 1342 1008 VII
1359 976 1394 1008 4.
1421 977 1608 1017 querendiq
1623 987 1639 1016 ,·
1660 978 1704 1017 A,
1724 985 1816 1009 corr.

181 1038 241 1070 ug.
270 1049 305 1054 —
331 1031 468 1063 alienas
489 1032 521 1063 A
540 1040 550 1070 ;
568 1031 688 1062 aliena
705 1039 800 1062 unus
820 1030 853 1062 D
875 1032 913 1062 et
930 1036 990 1069 ug.
1017 1047 1053 1052 —
1088 1029 1183 1061 uires
1203 1029 1247 1068 A,
1268 1029 1369 1070 quod
1388 1029 1555 1063 defendit
1576 1031 1683 1063 Koch
1702 1030 1817 1064 allato

183 1084 273 1117 Vell.
295 1084 438 1117 Patere.
464 1085 479 1117 I
497 1085 530 1123 4,
549 1084 595 1123 3;
617 1084 719 1116 urbes
739 1083 948 1115 Pincianus.
973 1100 1008 1105 -
1031 1083 1222 1123 frequentis
1240 1083 1284 1121 A,
1304 1091 1395 1115 corr.
1415 1090 1475 1123 ug.

179 1228 232 1263 ob
250 1237 305 1263 ou
322 1229 503 1273 propter,
522 1226 574 1262 cf.
595 1226 839 1271 cependant
857 1225 940 1262 Cic.
965 1227 1025 1262 De
1048 1226 1146 1261 Fin.
1170 1225 1213 1261 II
1230 1225 1297 1268 26,
1317 1226 1367 1262 83
1386 1236 1394 1261 :
1414 1237 1430 1260 «
1453 1226 1538 1262 Si...
1560 1227 1814 1264 utilitatibus

183 1286 396 1322 amicitias
429 1286 629 1322 colemus.
657 1297 671 1319 »
700 1306 756 1310 —
813 1285 913 1321 Illas
947 1295 955 1320 :
990 1294 1045 1320 on
1076 1284 1356 1321 s'attendrait
1388 1284 1533 1330 plutOt
1566 1286 1590 1322 a
1621 1297 1702 1323 eas.
1737 1287 1813 1324 Ces

178 1345 428 1382 confusions
448 1345 500 1381 de
520 1354 725 1390 pronoms
744 1366 799 1370 -—
817 1347 941 1380 autre
961 1344 1158 1389 exemple
1178 1344 1230 1380 de
1250 1347 1366 1380 cette
1387 1344 1619 1381 alteration
1639 1346 1697 1381 du
1717 1355 1813 1383 sens

182 1405 236 1441 de
255 1404 296 1440 la
315 1404 471 1450 langue
491 1403 678 1450 signalee
698 1404 795 1448 plus
816 1404 938 1446 haut,
959 1413 1059 1449 voy.
1081 1403 1123 1439 Ia
1144 1406 1246 1440 note
1266 1413 1338 1439 sur
1357 1404 1598 1450 respicienti
1618 1406 1680 1441 VI
1701 1406 1740 1449 5,
1761 1428 1816 1432 —-

179 1474 233 1500 ne
262 1466 361 1500 sont
390 1473 467 1509 pas
497 1473 611 1500 rares
642 1464 744 1499 chez
770 1463 989 1508 seneque:
1021 1472 1100 1508 par
1129 1473 1210 1498 ex..
1240 1463 1306 1498 hic
1330 1481 1368 1493 =
1402 1464 1463 1500 is:
1496 1475 1511 1498 «
1531 1465 1682 1509 Hos...,
1707 1475 1814 1511 quos

178 1523 338 1568 probat
361 1534 376 1557 »
402 1523 446 1568 (a
473 1523 570 1559 cete
598 1523 650 1558 de
677 1533 757 1565 eos,
789 1524 850 1559 De
878 1522 1051 1558 Prouid.
1085 1523 1143 1557 IV
1171 1522 1213 1567 7)
1238 1533 1247 1565 ;
1275 1533 1290 1556 «
1315 1524 1535 1568 Quanto...
1564 1525 1715 1569 maior,
1743 1525 1816 1562 hoc

179 1583 247 1627 (=
279 1581 385 1627 eo)...
415 1581 689 1618 manifestius
714 1593 729 1615 »
755 1582 839 1626 (De
868 1582 941 1617 Ira
971 1582 988 1617 I
1017 1582 1054 1625 1,
1084 1582 1126 1626 5)
1151 1592 1160 1625 ;
1191 1582 1264 1617 iste
1300 1600 1338 1612 =
1369 1582 1436 1618 hic
1464 1593 1472 1618 :
1502 1594 1516 1617 «
1544 1584 1707 1620 Iterum
1735 1585 1816 1621 ista

179 1640 339 1677 moliri»
362 1659 400 1671 =
425 1642 608 1677 «recreer
627 1652 668 1677 ce
687 1641 850 1677 monde»
870 1640 960 1686 (Ad
982 1642 1116 1678 Marc.
1139 1641 1292 1677 XXVI
1312 1642 1436 1687 7).Cf.
1458 1652 1610 1679 encore
1633 1645 1700 1680 Ad
1718 1646 1813 1681 Hel.

179 1701 242 1736 VI
263 1701 287 1737 2
309 1703 352 1738 et
373 1701 397 1736 4
419 1701 544 1746 (hanc
575 1703 619 1736 et
651 1700 758 1745 hac).
797 1701 863 1737 On
898 1703 1050 1736 trouve
1071 1701 1173 1736 chez
1195 1700 1387 1737 d'autres
1409 1704 1584 1738 auteurs
1606 1703 1658 1739 de
1677 1703 1814 1740 l'Em-

180 1760 271 1805 pire
290 1760 344 1796 de
361 1759 619 1795 semblables
640 1759 902 1803 confusions,
921 1762 1042 1796 entre
1061 1762 1206 1796 autres
1226 1761 1327 1796 chez
1349 1761 1585 1806 Quintilien
1606 1773 1614 1797 :
1636 1773 1650 1797 «
1672 1763 1816 1800 Tanta

178 1821 223 1856 in
244 1830 287 1855 eo
307 1818 372 1854 uis
394 1822 518 1861 est,...
542 1821 591 1854 ut
614 1819 734 1854 illum
754 1819 821 1864 (-—-
847 1819 964 1864 eum)
985 1819 1137 1855 eodem
1158 1819 1302 1855 animo
1324 1820 1496 1864 dixisse,
1519 1831 1604 1867 quo
1620 1822 1814 1867 bellauit,

179 1880 424 1923 appareat.»
444 1877 505 1922 (X
527 1878 563 1921 1,
586 1878 699 1922 114),
721 1878 915 1923 exemple
935 1878 1008 1923 qui
1028 1888 1072 1914 se
1091 1879 1333 1924 rapproche
1353 1880 1577 1926 beaucoup
1598 1882 1656 1917 du
1675 1883 1812 1919 netre.

262 1937 300 1973 4.
334 1957 389 1962 ——
418 1937 609 1973 Patriam
635 1947 644 1972 :
671 1947 777 1973 avec
800 1938 1063 1983 relinquendi
1097 1956 1136 1968 =
1166 1939 1254 1974 leur
1278 1938 1433 1984 patrie,
1459 1949 1565 1976 avec
1589 1943 1815 1987 quaerendi

187 2013 225 2026 =
261 2006 346 2032 une
377 1996 562 2032 nouvelle
593 1996 747 2042 patrie.
781 2017 835 2022 —
896 1997 1080 2033 Suarum
1114 2008 1122 2032 :
1156 1997 1331 2034 reflechi
1362 2003 1607 2045 renvoyant
1639 2010 1725 2036 non
1758 2011 1813 2037 au

176 2055 308 2101 quet,
338 2055 446 2091 mais
477 2065 532 2090 au
561 2055 854 2101 complement
883 2056 955 2101 (ici
985 2056 1126 2102 alios),
1157 2067 1204 2092 ce
1234 2057 1308 2103 qui
1338 2061 1403 2094 est
1430 2059 1517 2094 tres
1548 2063 1726 2104 correct,
1757 2061 1810 2096 cf.

179 2114 263 2151 Cic.
291 2115 344 2150 In
371 2115 459 2151 Cat.
490 2115 558 2151 III
584 2116 650 2159 12,
675 2115 726 2152 27
753 2126 762 2151 :
788 2126 803 2149 (ι
826 2116 869 2152 Si
892 2115 1032 2151 ceteris
1055 2116 1174 2152 facta
1196 2127 1275 2152 sua
1298 2120 1494 2162 prosunt.
1521 2130 1535 2153 »
1565 2139 1619 2144 —
1672 2120 1813 2157 Nimia

176 2174 523 2220 superfluentis...
546 2174 786 2221 frequentia
809 2185 817 2210 :
839 2175 1126 2218 redondance,
1148 2176 1332 2221 procede
1353 2186 1469 2213 assez
1489 2177 1691 2224 frequent
1711 2180 1814 2216 chez

179 2234 386 2279 seneque.
409 2234 475 2269 En
494 2233 607 2270 voici
625 2234 816 2272 d'autres
837 2234 1052 2280 exemples
1073 2245 1081 2269 :
1103 2246 1117 2268 «
1140 2236 1282 2271 Labor
1302 2235 1499 2272 inritus...
1519 2238 1610 2273 sine
1627 2239 1774 2283 effectu
1799 2252 1814 2272 »

179 2294 264 2337 (De
297 2293 449 2339 Tranq.
480 2294 562 2329 An.
592 2294 683 2330 XII
711 2294 766 2339 1),
794 2304 809 2327 «
836 2294 1042 2340 Opulenta
1067 2294 1222 2331 ciuitas
1248 2296 1371 2341 copia
1399 2297 1597 2334 bonorum
1622 2299 1813 2336 omnium

179 2353 367 2388 abundat
382 2364 397 2386 »
411 2352 494 2397 (De
521 2353 646 2389 Clem.
678 2353 695 2388 I
721 2353 786 2396 19,
803 2353 860 2398 8),
877 2365 892 2388 «
909 2353 1063 2389 Incerti
1081 2354 1318 2390 labantium
1339 2356 1468 2400 pedes
1491 2359 1561 2393 et..
1578 2358 1784 2396 ,titubatio
1794 2371 1810 2393 »

180 2411 284 2458 (Ep.
323 2411 440 2448 XCV
476 2412 558 2457 16).
591 2433 647 2437 --
708 2413 1012 2450 Exonerandas
1050 2423 1059 2448 :
1097 2413 1150 2449 cf.
1189 2413 1411 2451 Tite-Live
1447 2416 1601 2452 XXIV
1635 2418 1702 2462 29,
1741 2419 1760 2454 1
1800 2430 1809 2455 z

179 2482 195 2505 (ι
216 2471 285 2506 Ad
324 2470 653 2508 multitudinem
692 2471 962 2508 inconditam
1004 2482 1055 2508 ac
1093 2473 1415 2510 tumultuosam
1456 2478 1772 2514 exonerandam.
1798 2490 1812 2512 »

180 2530 432 2573 Exonerare,
466 2530 571 2566 c'est
605 2541 613 2566 :
649 2541 664 2565 «
686 2531 933 2576 decharger,
966 2532 1240 2568 debarrasser
1272 2533 1377 2569 d'un
1408 2533 1588 2571 fardeau
1612 2548 1638 2572 ».
1678 2536 1749 2581 Ici,
1781 2537 1812 2573 il

176 2592 284 2635 peut
307 2590 398 2625 etre
419 2589 556 2624 rendu
579 2599 658 2635 par
682 2600 690 2625 :
716 2601 731 2624 «
754 2590 910 2636 alleger
931 2601 946 2624 »
968 2601 979 2634 ;
1003 2591 1110 2627 dans
1133 2591 1231 2627 l'ex.
1257 2592 1309 2629 de
1332 2592 1569 2639 Tite-Live,
1593 2605 1671 2640 par
1696 2607 1704 2631 :
1729 2607 1744 2630 «
1766 2606 1810 2632 se

176 2648 452 2684 debarrasser
469 2648 566 2684 de...
593 2660 619 2684 ».
641 2649 702 2685 Cf.
723 2659 874 2685 encore
892 2650 991 2685 Tae.
1012 2650 1124 2686 Hist.
1145 2651 1183 2687 V
1201 2651 1239 2687 2.
1272 2672 1327 2676 ——
1382 2653 1499 2689 Vires
1519 2665 1527 2689 ε
1548 2665 1614 2690 ces
1632 2655 1808 2700 peuples

174 2710 277 2744 sont
304 2708 525 2752 compares
553 2708 577 2744 a
604 2708 677 2744 des
703 2707 923 2744 individus
949 2709 1167 2746 souffrant
1194 2711 1247 2746 de
1272 2711 1482 2756 plethore.
1512 2714 1627 2749 Pour
1652 2714 1690 2750 le
1716 2718 1808 2750 mot

176 2767 305 2810 uires,
330 2767 383 2802 cf.
408 2765 593 2802 Velleius
618 2767 872 2804 Paterculus
899 2768 917 2803 Ι
940 2768 978 2812 4,
1003 2768 1027 2804 2
1052 2779 1060 2804 :
1086 2779 1101 2802 «
1134 2769 1250 2806 Vires
1272 2773 1440 2807 ueteres
1464 2782 1612 2808 earum
1634 2773 1808 2809 urbium

175 2825 392 2872 hodieque
436 2825 693 2871 magnitudo
736 2829 931 2863 ostentat
973 2828 1206 2864 moenium.
1232 2840 1246 2862 l>
1276 2850 1331 2855 —
1387 2831 1632 2868 Pestilentia
1678 2843 1686 2867 :
1731 2843 1746 2866 «
1766 2832 1809 2868 la

175 2887 299 2931 peste
322 2896 337 2919 »
353 2884 428 2929 (au
446 2885 632 2931 propre).
653 2886 787 2922 Pestis
812 2903 851 2916 =
873 2897 888 2920 «
909 2886 950 2921 la
966 2889 1087 2931 peste
1103 2887 1177 2933 (au
1194 2887 1302 2934 fig.),
1320 2888 1358 2925 le
1375 2889 1491 2926 fleau
1514 2901 1542 2934 »‚
1561 2891 1614 2926 cf.
1635 2892 1751 2928 XIII
1766 2893 1806 2929 3.

177 2964 234 2971 —
289 2945 519 2981 Terrarum
556 2943 699 2980 hiatus
737 2955 745 2981 :
783 2955 799 2979 «
819 2945 1146 2982 tremblements
1184 2947 1235 2983 de
1270 2949 1382 2984 terre
1405 2959 1434 2991 »,
1471 2949 1523 2985 cf.
1566 2950 1633 2986 Ad
1671 2952 1807 2988 Marc.

1649 3035 1667 3062 ⁷
