2154 3377
657 653 706 695 L.
743 650 975 695 ANNAEl
1012 650 1287 693 SENECAE

295 756 1029 813 DIALOGORUM
1095 755 1416 809 LIBER
1479 755 1641 809 XII

631 881 710 919 Ao
740 879 1021 919 HELv1AM
1051 878 1313 918 MATREM

732 979 793 1009 DE
816 977 1215 1009 CONSOLATIONE

236 1325 272 1368 1.
300 1351 346 1356 -—
370 1325 517 1382 Saepe
536 1325 646 1374 iam,
668 1327 821 1367 mater
839 1323 1037 1379 optima,
1059 1323 1291 1378 impetum
1312 1321 1413 1378 cepi
1432 1321 1705 1364 consolandi
1725 1325 1788 1369 te,

143 1408 282 1453 saepe
312 1396 541 1440 continui.
573 1396 638 1439 Vt
664 1395 903 1443 auderem,
934 1393 1086 1436 multa
1116 1406 1190 1436 me
1220 1392 1514 1449 inpellebant
1546 1407 1555 1434 :
1584 1391 1787 1448 primum

143 1467 340 1511 uidebar
378 1467 680 1523 depositurus
716 1465 876 1508 omnia
914 1464 1230 1513 incommoda,
1272 1477 1379 1506 cum
1418 1463 1636 1506 lacrimas
1666 1465 1790 1513 tuas,

141 1538 286 1579 etiam
307 1538 345 1576 si
364 1538 654 1591 supprimere
674 1549 768 1578 non
786 1536 1061 1591 potuissem,
1081 1535 1270 1577 interim
1291 1537 1415 1577 certe
1433 1533 1757 1576 abstersissem
1780 1548 1791 1582 ;

142 1603 310 1648 deinde
331 1605 437 1661 plus
458 1605 734 1648 habiturum
754 1619 827 1648 me
847 1606 1151 1649 auctoritatis
1170 1618 1264 1648 non
1285 1604 1567 1648 dubitabam
1588 1604 1648 1647 ad
1668 1604 1794 1647 exci-

141 1676 340 1719 tandam
370 1680 433 1726 te,
464 1677 501 1719 si
530 1677 656 1733 prior
684 1677 781 1732 ipse
812 1677 1207 1720 consurrexissem
1233 1691 1243 1726 ;
1272 1680 1515 1732 praeterea
1545 1675 1790 1726 timebam,

222 1805 263 1837 N.
285 1806 320 1838 C.
339 1806 479 1845 (Choiae
494 1808 536 1838 de
551 1810 647 1839 noles
664 1809 846 1848 critiques)
859 1832 866 1839 .
891 1825 924 1829 —-
947 1809 979 1839 A
995 1808 1054 1840 uel
1072 1808 1117 1838 Α1
1144 1822 1175 1832 =
1209 1809 1315 1838 codex
1332 1807 1596 1838 Ambrosianus
1620 1804 1703 1844 (Xmi
1732 1805 1790 1836 uel

149 1859 238 1890 xlf·
258 1860 410 1900 saeculi)
429 1870 438 1898 ;
459 1861 505 1891 Α11
524 1863 561 1893 et
581 1861 627 1892 A⁵
655 1875 687 1886 =
710 1864 913 1893 correctores
933 1862 1064 1892 codicis
1085 1862 1117 1892 A
1138 1861 1348 1900 poster1'ores
1366 1869 1382 1898 ,·
1405 1860 1438 1891 D
1478 1859 1679 1899 :deodices
1703 1859 1790 1889 dete-

144 1913 255 1944 riores
270 1921 286 1950 ;
303 1920 363 1952 ug.
392 1927 423 1938 =
447 1914 549 1953 uolqo
564 1923 579 1952 ,⁰
609 1916 645 1953 l(
672 1928 700 1939 =
722 1923 881 1946 rasurae.
910 1932 943 1936 —
971 1915 986 1945 I
1007 1915 1038 1945 1.
1056 1922 1257 1954 supremere
1274 1914 1319 1951 A,
1338 1921 1429 1944 corr.
1449 1919 1548 1952 ug.‚;:

225 2025 243 2060 1
271 2026 307 2061 1.
331 2047 385 2052 —
417 2026 593 2072 Saepe...
620 2028 770 2072 eepi,...
794 2037 919 2072 saepe
942 2026 1160 2063 continui:
1185 2036 1252 2062 ces
1276 2025 1546 2071 expressions
1569 2027 1787 2070 prouvent

150 2093 233 2129 que
261 2084 303 2121 la
334 2086 601 2123 Consolation
631 2087 703 2122 n’a
731 2096 808 2132 pas
839 2087 907 2122 ete
936 2085 1067 2122 ecrite
1097 2086 1170 2121 des
1199 2085 1397 2121 l’arrivee
1427 2085 1480 2121 de
1510 2085 1705 2130 Seneque
1735 2093 1786 2119 en

147 2145 286 2181 Corse.
310 2147 419 2192 Voy.
446 2146 602 2183 Introd.
627 2156 669 2192 p.
692 2147 793 2183 XX.
818 2167 873 2172 —
892 2146 1084 2191 Impetus
1114 2155 1158 2181 se
1189 2144 1253 2181 dit
1285 2145 1415 2180 d’une
1445 2147 1648 2189 prompte
1675 2143 1788 2180 deci-

142 2205 236 2242 sion
263 2206 400 2242 suivie
425 2206 529 2242 d'un
559 2208 933 2242 commencement
961 2205 1251 2247 d'execution‚
1279 2204 1331 2240 cf.
1361 2204 1442 2250 Ep.
1469 2203 1711 2239 LXXVIII
1737 2203 1784 2239 2:

141 2276 158 2298 a
179 2265 316 2311 Saepe
336 2265 536 2311 impetum
554 2266 646 2312 cepi
665 2265 992 2310 abrumpendae
1011 2264 1132 2301 uitae
1155 2275 1183 2307 »,
1204 2266 1247 2300 et
1268 2263 1583 2309 Quinte-curce
1601 2263 1639 2298 V
1659 2262 1749 2306 12‚1
1774 2272 1784 2296 τ

141 2335 157 2358 α
175 2325 332 2360 Bessus
351 2324 575 2361 occidendi
592 2324 792 2370 protinus
809 2324 918 2370 regis
939 2324 1140 2370 impetum
1157 2325 1328 2369 ceperat.
1355 2335 1369 2356 »
1390 2344 1445 2349 —
1475 2322 1755 2367 Depositurus
1774 2331 1784 2355 :

139 2383 285 2429 ellipse
311 2384 364 2420 de
387 2395 486 2428 esse,
507 2394 602 2421 rare
629 2385 653 2420 a
678 2384 878 2429 l'epoque
906 2383 1118 2429 classique
1138 2383 1235 2419 saus
1263 2383 1370 2418 dans
1397 2381 1435 2418 le
1460 2381 1574 2428 style
1598 2380 1781 2417 familier

140 2443 352 2489 (ciceron,
383 2444 450 2480 Ad
479 2445 562 2480 Au.
590 2444 703 2479 VIII
729 2444 768 2486 9,
794 2443 852 2488 2),
880 2443 987 2479 mais
1015 2452 1134 2478 assez
1158 2442 1386 2488 frequente
1412 2451 1511 2477 sous
1536 2440 1746 2486 l'Empire
1774 2450 1781 2474 ε

145 2503 198 2539 cf.
228 2503 324 2548 plus
354 2503 430 2538 bas
459 2503 703 2539 habiturum
732 2505 774 2539 et
808 2504 869 2540 De
905 2503 1056 2548 Tranq.
1092 2503 1175 2539 An.
1205 2501 1292 2537 VII
1320 2501 1358 2537 2.
1391 2522 1446 2526 —
1508 2501 1625 2537 Certe
1655 2511 1663 2535 :
1694 2511 1709 2533 «ι
1730 2509 1782 2535 en

138 2565 239 2599 tout
267 2572 338 2598 cas
362 2573 377 2597 ο
404 2562 508 2607 (litt.
541 2573 549 2598 ε
580 2573 595 2597 α
617 2573 664 2598 ce
692 2561 798 2608 qu'il
826 2572 854 2608 y
882 2572 906 2597 a
936 2562 989 2598 de
1016 2562 1103 2605 sor,
1132 2561 1237 2597 c'est
1267 2570 1395 2606 que...
1421 2561 1468 2605 »)‚
1498 2560 1550 2596 cf.
1586 2561 1648 2596 De
1678 2559 1780 2594 Ben.

143 2622 203 2658 IV
236 2621 304 2665 29,
340 2622 360 2657 1
399 2631 408 2656 :
446 2633 460 2655 (ε
484 2620 762 2668 Distinguam
795 2621 929 2664 istud,
964 2623 1065 2657 certe
1097 2620 1329 2666 temptabo
1363 2619 1681 2665 distinguere.»
1729 2638 1783 2642 --

137 2681 231 2717 Non
257 2680 510 2718 dubitabam
538 2691 547 2716 ε
575 2681 618 2717 la
645 2680 944 2717 construction
972 2680 1025 2716 de
1050 2691 1136 2716 non
1163 2680 1354 2715 dubitare
1390 2684 1428 2721 ÷
1460 2688 1579 2725 prop.
1610 2677 1703 2722 ins„
1726 2686 1779 2711 au

140 2739 226 2776 lieu
259 2740 312 2776 de
344 2740 448 2786 quin
481 2742 525 2776 et
557 2740 596 2776 le
628 2741 756 2786 subs„
791 2749 875 2786 peu
909 2739 1132 2786 employee
1167 2739 1190 2775 a
1222 2738 1423 2784 l'epoque
1456 2736 1682 2782 classique,
1716 2738 1777 2771 est

139 2799 367 2846 frequente
400 2800 502 2835 chez
532 2799 592 2836 les
624 2802 801 2836 auteurs
834 2799 886 2834 de
915 2799 1141 2844 l'Empire,
1173 2799 1226 2834 cf.
1260 2798 1355 2843 plus
1387 2798 1463 2833 bas
1498 2795 1542 2832 ΙΙ
1574 2796 1612 2839 1,
1643 2798 1686 2831 et
1720 2796 1781 2831 De

139 2859 266 2896 Clem.
298 2859 316 2895 1
340 2859 406 2902 13,
430 2858 454 2895 5
474 2869 483 2894 :
508 2859 653 2894 «Bene
677 2870 719 2895 se
744 2858 990 2895 meriturum
1011 2858 1184 2903 (encore
1208 2857 1424 2893 l'absence
1449 2856 1502 2891 de
1523 2855 1654 2900 esse)..
1681 2863 1779 2889 ,ηοη

138 2918 314 2955 dubitat.
340 2929 355 2952 n
385 2938 440 2943 -
500 2917 542 2954 Si
567 2917 681 2963 prior
704 2917 794 2964 ipse
819 2917 1182 2954 consurreffissem
1209 2927 1217 2951 :
1243 2916 1283 2952 le
1308 2913 1642 2956 neo-stoicisme,
1670 2912 1776 2948 dont
