<?xml version="1.0" encoding="UTF-8"?>
<!DOCTYPE html PUBLIC "-//W3C//DTD XHTML 1.0 Transitional//EN"
    "http://www.w3.org/TR/xhtml1/DTD/xhtml1-transitional.dtd">
<html xmlns="http://www.w3.org/1999/xhtml" xml:lang="en" lang="en">
 <head>
  <title>
</title>
<meta http-equiv="Content-Type" content="text/html;charset=utf-8" />
  <meta name='ocr-system' content='tesseract 3.04.00' />
  <meta name='ocr-capabilities' content='ocr_page ocr_carea ocr_par ocr_line ocrx_word'/>
</head>
<body>
  <div class='ocr_page' id='page_1' title='image "./dialogorumlibrix00seneuoft_0145.png"; bbox 0 0 2154 3377; ppageno 0'>
   <div class='ocr_carea' id='block_1_1' title="bbox 338 171 1752 217">
    <p class='ocr_par' dir='ltr' id='par_1_1' title="bbox 338 171 1752 217">
     <span class='ocr_line' id='line_1_1' title="bbox 338 171 1752 217; baseline 0.006 -9"><span class='ocrx_word' id='word_1_1' title='bbox 338 178 402 209; x_wconf 83' lang='lat' dir='ltr'>AD</span> <span class='ocrx_word' id='word_1_2' title='bbox 435 178 651 210; x_wconf 66' lang='lat' dir='ltr'><strong>HELVIAM</strong></span> <span class='ocrx_word' id='word_1_3' title='bbox 687 179 888 212; x_wconf 74' lang='lat' dir='ltr'><strong>MATREM</strong></span> <span class='ocrx_word' id='word_1_4' title='bbox 925 180 986 211; x_wconf 87' lang='lat' dir='ltr'>DE</span> <span class='ocrx_word' id='word_1_5' title='bbox 1020 180 1400 217; x_wconf 77' lang='lat' dir='ltr'>CONSOLATIONE.</span> <span class='ocrx_word' id='word_1_6' title='bbox 1437 183 1534 214; x_wconf 71' lang='lat' dir='ltr'>x-xl</span> <span class='ocrx_word' id='word_1_7' title='bbox 1701 171 1752 216; x_wconf 76' lang='lat'>61</span> 
     </span>
    </p>
   </div>
   <div class='ocr_carea' id='block_1_2' title="bbox 116 295 1762 710">
    <p class='ocr_par' dir='ltr' id='par_1_2' title="bbox 116 295 1762 710">
     <span class='ocr_line' id='line_1_2' title="bbox 119 295 1756 353; baseline 0.004 -16"><span class='ocrx_word' id='word_1_8' title='bbox 119 307 393 351; x_wconf 86' lang='lat' dir='ltr'>purpuram,</span> <span class='ocrx_word' id='word_1_9' title='bbox 433 295 666 339; x_wconf 70' lang='lat' dir='ltr'>intextam</span> <span class='ocrx_word' id='word_1_10' title='bbox 703 309 818 340; x_wconf 89' lang='lat' dir='ltr'>auro</span> <span class='ocrx_word' id='word_1_11' title='bbox 856 297 1090 353; x_wconf 85' lang='lat' dir='ltr'>uariisque</span> <span class='ocrx_word' id='word_1_12' title='bbox 1129 301 1179 340; x_wconf 86' lang='lat' dir='ltr'>ct</span> <span class='ocrx_word' id='word_1_13' title='bbox 1216 298 1448 341; x_wconf 83' lang='lat' dir='ltr'>coloribus</span> <span class='ocrx_word' id='word_1_14' title='bbox 1485 300 1756 343; x_wconf 77' lang='lat' dir='ltr'>distinctam</span> 
     </span>
     <span class='ocr_line' id='line_1_3' title="bbox 119 366 1757 425; baseline 0.004 -17"><span class='ocrx_word' id='word_1_15' title='bbox 119 368 170 408; x_wconf 88' lang='lat' dir='ltr'>et</span> <span class='ocrx_word' id='word_1_16' title='bbox 194 366 378 409; x_wconf 90' lang='lat' dir='ltr'>artibus</span> <span class='ocrx_word' id='word_1_17' title='bbox 407 381 416 409; x_wconf 91' lang='lat'>:</span> <span class='ocrx_word' id='word_1_18' title='bbox 443 379 536 409; x_wconf 88' lang='lat' dir='ltr'>non</span> <span class='ocrx_word' id='word_1_19' title='bbox 562 368 779 410; x_wconf 83' lang='lat' dir='ltr'>fortunae</span> <span class='ocrx_word' id='word_1_20' title='bbox 807 367 893 411; x_wconf 87' lang='lat' dir='ltr'>iste</span> <span class='ocrx_word' id='word_1_21' title='bbox 921 367 1037 410; x_wconf 88' lang='lat' dir='ltr'>uitio</span> <span class='ocrx_word' id='word_1_22' title='bbox 1065 368 1144 411; x_wconf 89' lang='lat' dir='ltr'>sed</span> <span class='ocrx_word' id='word_1_23' title='bbox 1171 381 1254 411; x_wconf 88' lang='lat' dir='ltr'>suo</span> <span class='ocrx_word' id='word_1_24' title='bbox 1281 382 1460 425; x_wconf 81' lang='lat' dir='ltr'>pauper</span> <span class='ocrx_word' id='word_1_25' title='bbox 1484 374 1571 412; x_wconf 89' lang='lat' dir='ltr'>est.</span> <span class='ocrx_word' id='word_1_26' title='bbox 1600 371 1757 414; x_wconf 86' lang='lat' dir='ltr'>Etiam</span> 
     </span>
     <span class='ocr_line' id='line_1_4' title="bbox 118 436 1760 496; baseline 0.002 -17"><span class='ocrx_word' id='word_1_27' title='bbox 118 437 156 480; x_wconf 87' lang='lat' dir='ltr'>si</span> <span class='ocrx_word' id='word_1_28' title='bbox 183 436 265 487; x_wconf 87' lang='lat' dir='ltr'>illi,</span> <span class='ocrx_word' id='word_1_29' title='bbox 296 438 526 494; x_wconf 89' lang='lat' dir='ltr'>quidquid</span> <span class='ocrx_word' id='word_1_30' title='bbox 554 438 728 487; x_wconf 90' lang='lat' dir='ltr'>amisit,</span> <span class='ocrx_word' id='word_1_31' title='bbox 763 439 1039 488; x_wconf 84' lang='lat' dir='ltr'>restitueris,</span> <span class='ocrx_word' id='word_1_32' title='bbox 1070 439 1184 481; x_wconf 87' lang='lat' dir='ltr'>nihil</span> <span class='ocrx_word' id='word_1_33' title='bbox 1217 450 1326 495; x_wconf 82' lang='lat' dir='ltr'>ages</span> <span class='ocrx_word' id='word_1_34' title='bbox 1358 454 1368 482; x_wconf 92' lang='lat'>:</span> <span class='ocrx_word' id='word_1_35' title='bbox 1402 440 1507 496; x_wconf 90' lang='lat' dir='ltr'>plus</span> <span class='ocrx_word' id='word_1_36' title='bbox 1539 441 1663 483; x_wconf 82' lang='lat' dir='ltr'>enini</span> <span class='ocrx_word' id='word_1_37' title='bbox 1693 456 1760 484; x_wconf 72' lang='lat' dir='ltr'>re-</span> 
     </span>
     <span class='ocr_line' id='line_1_5' title="bbox 120 508 1757 568; baseline 0.002 -17"><span class='ocrx_word' id='word_1_38' title='bbox 120 508 363 551; x_wconf 88' lang='lat' dir='ltr'>stituendo</span> <span class='ocrx_word' id='word_1_39' title='bbox 398 509 549 552; x_wconf 87' lang='lat' dir='ltr'>deerit</span> <span class='ocrx_word' id='word_1_40' title='bbox 579 522 641 551; x_wconf 83' lang='lat' dir='ltr'>ex</span> <span class='ocrx_word' id='word_1_41' title='bbox 671 521 741 558; x_wconf 81' lang='lat' dir='ltr'>CO,</span> <span class='ocrx_word' id='word_1_42' title='bbox 772 509 897 565; x_wconf 91' lang='lat' dir='ltr'>quod</span> <span class='ocrx_word' id='word_1_43' title='bbox 934 510 1080 565; x_wconf 86' lang='lat' dir='ltr'>cupit,</span> <span class='ocrx_word' id='word_1_44' title='bbox 1117 523 1258 566; x_wconf 85' lang='lat' dir='ltr'>quam</span> <span class='ocrx_word' id='word_1_45' title='bbox 1287 511 1412 553; x_wconf 80' lang='lat' dir='ltr'>exuli</span> <span class='ocrx_word' id='word_1_46' title='bbox 1447 525 1508 554; x_wconf 82' lang='lat' dir='ltr'>cx</span> <span class='ocrx_word' id='word_1_47' title='bbox 1533 524 1603 560; x_wconf 86' lang='lat' dir='ltr'>co,</span> <span class='ocrx_word' id='word_1_48' title='bbox 1634 514 1757 568; x_wconf 88' lang='lat' dir='ltr'>quod</span> 
     </span>
     <span class='ocr_line' id='line_1_6' title="bbox 121 578 1762 639; baseline 0.002 -17"><span class='ocrx_word' id='word_1_49' title='bbox 121 578 305 622; x_wconf 85' lang='lat' dir='ltr'>hahuit.</span> <span class='ocrx_word' id='word_1_50' title='bbox 331 580 417 623; x_wconf 82' lang='lat' dir='ltr'>Sed</span> <span class='ocrx_word' id='word_1_51' title='bbox 449 579 687 622; x_wconf 84' lang='lat' dir='ltr'>desiderat</span> <span class='ocrx_word' id='word_1_52' title='bbox 715 580 869 623; x_wconf 78' lang='lat' dir='ltr'>aurcis</span> <span class='ocrx_word' id='word_1_53' title='bbox 900 580 1157 636; x_wconf 80' lang='lat' dir='ltr'>fulgentem</span> <span class='ocrx_word' id='word_1_54' title='bbox 1190 581 1316 623; x_wconf 88' lang='lat' dir='ltr'>uasis</span> <span class='ocrx_word' id='word_1_55' title='bbox 1345 582 1682 639; x_wconf 78' lang='lat' dir='ltr'>supellectilem</span> <span class='ocrx_word' id='word_1_56' title='bbox 1712 587 1762 626; x_wconf 78' lang='lat' dir='ltr'>ct</span> 
     </span>
     <span class='ocr_line' id='line_1_7' title="bbox 116 650 1761 710; baseline 0.003 -18"><span class='ocrx_word' id='word_1_57' title='bbox 116 650 328 707; x_wconf 88' lang='lat' dir='ltr'>antiquis</span> <span class='ocrx_word' id='word_1_58' title='bbox 355 650 623 693; x_wconf 89' lang='lat' dir='ltr'>nominibus</span> <span class='ocrx_word' id='word_1_59' title='bbox 648 651 887 694; x_wconf 81' lang='lat' dir='ltr'>artificum</span> <span class='ocrx_word' id='word_1_60' title='bbox 918 655 1167 707; x_wconf 86' lang='lat' dir='ltr'>argentum</span> <span class='ocrx_word' id='word_1_61' title='bbox 1202 652 1372 702; x_wconf 79' lang='lat' dir='ltr'>nobile,</span> <span class='ocrx_word' id='word_1_62' title='bbox 1399 666 1478 695; x_wconf 88' lang='lat' dir='ltr'>aes</span> <span class='ocrx_word' id='word_1_63' title='bbox 1504 667 1761 710; x_wconf 86' lang='lat' dir='ltr'>paucorum</span> 
     </span>
    </p>
   </div>
   <div class='ocr_carea' id='block_1_3' title="bbox 199 779 1695 818">
    <p class='ocr_par' dir='ltr' id='par_1_3' title="bbox 199 779 1695 818">
     <span class='ocr_line' id='line_1_8' title="bbox 199 779 1695 818; baseline 0.002 -7"><span class='ocrx_word' id='word_1_64' title='bbox 199 779 240 811; x_wconf 82' lang='grc' dir='ltr'>Ν.</span> <span class='ocrx_word' id='word_1_65' title='bbox 262 780 298 811; x_wconf 85' lang='lat' dir='ltr'>C.</span> <span class='ocrx_word' id='word_1_66' title='bbox 322 797 357 802; x_wconf 89' lang='lat'><strong>—</strong></span> <span class='ocrx_word' id='word_1_67' title='bbox 382 780 439 811; x_wconf 89' lang='lat' dir='ltr'>XI</span> <span class='ocrx_word' id='word_1_68' title='bbox 457 780 490 811; x_wconf 88' lang='lat'>2.</span> <span class='ocrx_word' id='word_1_69' title='bbox 517 781 731 811; x_wconf 79' lang='lat' dir='ltr'>restituendo</span> <span class='ocrx_word' id='word_1_70' title='bbox 758 781 789 811; x_wconf 81' lang='grc' dir='ltr'>Α</span> <span class='ocrx_word' id='word_1_71' title='bbox 810 789 818 818; x_wconf 92' lang='grc'><strong>;</strong></span> <span class='ocrx_word' id='word_1_72' title='bbox 845 781 1003 812; x_wconf 84' lang='lat' dir='ltr'>restituto</span> <span class='ocrx_word' id='word_1_73' title='bbox 1031 780 1196 812; x_wconf 88' lang='lat' dir='ltr'>Muretus</span> <span class='ocrx_word' id='word_1_74' title='bbox 1217 790 1226 818; x_wconf 89' lang='lat'>;</span> <span class='ocrx_word' id='word_1_75' title='bbox 1252 782 1507 813; x_wconf 80' lang='lat' dir='ltr'>restiluendum</span> <span class='ocrx_word' id='word_1_76' title='bbox 1537 782 1695 815; x_wconf 87' lang='lat' dir='ltr'>Fickert.</span> 
     </span>
    </p>
   </div>
   <div class='ocr_carea' id='block_1_4' title="bbox 120 904 1763 2972">
    <p class='ocr_par' dir='ltr' id='par_1_4' title="bbox 120 904 1763 2912">
     <span class='ocr_line' id='line_1_9' title="bbox 126 904 1762 954; baseline 0.002 -13"><span class='ocrx_word' id='word_1_77' title='bbox 126 918 142 940; x_wconf 70' lang='grc' dir='ltr'><em>α</em></span> <span class='ocrx_word' id='word_1_78' title='bbox 164 904 335 942; x_wconf 86' lang='lat' dir='ltr'>Excute</span> <span class='ocrx_word' id='word_1_79' title='bbox 360 905 512 942; x_wconf 88' lang='lat' dir='ltr'>istos...</span> <span class='ocrx_word' id='word_1_80' title='bbox 542 917 549 941; x_wconf 89' lang='lat'>:</span> <span class='ocrx_word' id='word_1_81' title='bbox 577 906 744 941; x_wconf 84' lang='lat' dir='ltr'>uidebis</span> <span class='ocrx_word' id='word_1_82' title='bbox 769 918 783 940; x_wconf 92' lang='lat'>»</span> <span class='ocrx_word' id='word_1_83' title='bbox 817 922 854 935; x_wconf 90' lang='lat'><strong><em>=</em></strong></span> <span class='ocrx_word' id='word_1_84' title='bbox 885 905 919 941; x_wconf 92' lang='lat' dir='ltr'>si</span> <span class='ocrx_word' id='word_1_85' title='bbox 944 906 1240 949; x_wconf 85' lang='lat' dir='ltr'>excusseris...,</span> <span class='ocrx_word' id='word_1_86' title='bbox 1265 907 1431 942; x_wconf 89' lang='lat' dir='ltr'>uidebis</span> <span class='ocrx_word' id='word_1_87' title='bbox 1456 919 1470 941; x_wconf 94' lang='lat'>»</span> <span class='ocrx_word' id='word_1_88' title='bbox 1493 908 1596 954; x_wconf 85' lang='lat' dir='ltr'>(Ep.</span> <span class='ocrx_word' id='word_1_89' title='bbox 1625 908 1762 945; x_wconf 92' lang='lat' dir='ltr'>XXII</span> 
     </span>
     <span class='ocr_line' id='line_1_10' title="bbox 123 965 1761 1011; baseline 0.002 -11"><span class='ocrx_word' id='word_1_90' title='bbox 123 965 228 1010; x_wconf 91' lang='lat'>10);</span> <span class='ocrx_word' id='word_1_91' title='bbox 258 976 274 1000; x_wconf 68' lang='lat' dir='ltr'>e</span> <span class='ocrx_word' id='word_1_92' title='bbox 295 965 390 1001; x_wconf 89' lang='lat' dir='ltr'>Tibi</span> <span class='ocrx_word' id='word_1_93' title='bbox 421 974 593 1011; x_wconf 89' lang='lat' dir='ltr'>quoque</span> <span class='ocrx_word' id='word_1_94' title='bbox 623 965 887 1010; x_wconf 81' lang='lat' dir='ltr'>praecipiam</span> <span class='ocrx_word' id='word_1_95' title='bbox 919 975 927 1000; x_wconf 93' lang='lat'>:</span> <span class='ocrx_word' id='word_1_96' title='bbox 957 965 1209 1010; x_wconf 85' lang='lat' dir='ltr'>interponas</span> <span class='ocrx_word' id='word_1_97' title='bbox 1239 966 1407 1011; x_wconf 89' lang='lat' dir='ltr'>aliquot</span> <span class='ocrx_word' id='word_1_98' title='bbox 1437 967 1525 1002; x_wconf 89' lang='lat' dir='ltr'>dies</span> <span class='ocrx_word' id='word_1_99' title='bbox 1551 979 1566 1002; x_wconf 83' lang='lat'>»</span> <span class='ocrx_word' id='word_1_100' title='bbox 1604 985 1642 997; x_wconf 94' lang='lat'>=</span> <span class='ocrx_word' id='word_1_101' title='bbox 1677 979 1692 1002; x_wconf 71' lang='grc' dir='ltr'><em>α</em></span> <span class='ocrx_word' id='word_1_102' title='bbox 1711 971 1761 1004; x_wconf 88' lang='lat' dir='ltr'>ut</span> 
     </span>
     <span class='ocr_line' id='line_1_11' title="bbox 124 1024 1762 1070; baseline 0.002 -11"><span class='ocrx_word' id='word_1_103' title='bbox 124 1024 376 1069; x_wconf 88' lang='lat' dir='ltr'>interponas</span> <span class='ocrx_word' id='word_1_104' title='bbox 400 1036 415 1058; x_wconf 74' lang='grc' dir='ltr'>ι»</span> <span class='ocrx_word' id='word_1_105' title='bbox 444 1024 546 1070; x_wconf 86' lang='grc' dir='ltr'>(Ερ.</span> <span class='ocrx_word' id='word_1_106' title='bbox 581 1024 737 1060; x_wconf 90' lang='lat' dir='ltr'>XVIII</span> <span class='ocrx_word' id='word_1_107' title='bbox 769 1024 811 1069; x_wconf 90' lang='grc'>5)</span> <span class='ocrx_word' id='word_1_108' title='bbox 836 1035 846 1067; x_wconf 87' lang='grc'>;</span> <span class='ocrx_word' id='word_1_109' title='bbox 877 1035 892 1058; x_wconf 82' lang='lat'><strong>«</strong></span> <span class='ocrx_word' id='word_1_110' title='bbox 915 1024 1043 1060; x_wconf 89' lang='lat' dir='ltr'>Valet</span> <span class='ocrx_word' id='word_1_111' title='bbox 1073 1025 1138 1069; x_wconf 92' lang='lat'>(=</span> <span class='ocrx_word' id='word_1_112' title='bbox 1174 1024 1323 1070; x_wconf 90' lang='lat' dir='ltr'>homo)</span> <span class='ocrx_word' id='word_1_113' title='bbox 1355 1036 1364 1060; x_wconf 90' lang='lat'>:</span> <span class='ocrx_word' id='word_1_114' title='bbox 1397 1028 1439 1061; x_wconf 89' lang='lat' dir='ltr'>et</span> <span class='ocrx_word' id='word_1_115' title='bbox 1470 1026 1627 1062; x_wconf 91' lang='lat' dir='ltr'>leones.</span> <span class='ocrx_word' id='word_1_116' title='bbox 1661 1027 1762 1063; x_wconf 89' lang='lat' dir='ltr'>For-</span> 
     </span>
     <span class='ocr_line' id='line_1_12' title="bbox 122 1083 1761 1130; baseline 0.002 -11"><span class='ocrx_word' id='word_1_117' title='bbox 122 1092 301 1119; x_wconf 90' lang='lat' dir='ltr'>monsus</span> <span class='ocrx_word' id='word_1_118' title='bbox 331 1087 395 1120; x_wconf 90' lang='lat' dir='ltr'>est</span> <span class='ocrx_word' id='word_1_119' title='bbox 427 1094 435 1119; x_wconf 92' lang='lat'><strong>:</strong></span> <span class='ocrx_word' id='word_1_120' title='bbox 466 1087 508 1120; x_wconf 88' lang='lat' dir='ltr'>et</span> <span class='ocrx_word' id='word_1_121' title='bbox 538 1093 742 1128; x_wconf 90' lang='lat' dir='ltr'>pauones.</span> <span class='ocrx_word' id='word_1_122' title='bbox 775 1083 911 1119; x_wconf 86' lang='lat' dir='ltr'>Velox</span> <span class='ocrx_word' id='word_1_123' title='bbox 940 1086 1004 1119; x_wconf 91' lang='lat' dir='ltr'>est</span> <span class='ocrx_word' id='word_1_124' title='bbox 1035 1094 1044 1119; x_wconf 79' lang='lat' dir='ltr'><em>z</em></span> <span class='ocrx_word' id='word_1_125' title='bbox 1075 1086 1117 1119; x_wconf 89' lang='lat' dir='ltr'>et</span> <span class='ocrx_word' id='word_1_126' title='bbox 1147 1084 1290 1129; x_wconf 89' lang='lat' dir='ltr'>equi...</span> <span class='ocrx_word' id='word_1_127' title='bbox 1323 1084 1484 1130; x_wconf 88' lang='lat' dir='ltr'>Corpus</span> <span class='ocrx_word' id='word_1_128' title='bbox 1514 1086 1646 1122; x_wconf 92' lang='lat' dir='ltr'>habet</span> <span class='ocrx_word' id='word_1_129' title='bbox 1678 1097 1686 1122; x_wconf 89' lang='lat'>:</span> <span class='ocrx_word' id='word_1_130' title='bbox 1718 1089 1761 1122; x_wconf 89' lang='lat' dir='ltr'>et</span> 
     </span>
     <span class='ocr_line' id='line_1_13' title="bbox 124 1143 1762 1190; baseline 0.002 -11"><span class='ocrx_word' id='word_1_131' title='bbox 124 1143 342 1179; x_wconf 89' lang='lat' dir='ltr'>arbores...</span> <span class='ocrx_word' id='word_1_132' title='bbox 363 1143 510 1179; x_wconf 88' lang='lat' dir='ltr'>Habet</span> <span class='ocrx_word' id='word_1_133' title='bbox 527 1152 677 1178; x_wconf 86' lang='lat' dir='ltr'>uocem</span> <span class='ocrx_word' id='word_1_134' title='bbox 698 1153 706 1178; x_wconf 80' lang='lat' dir='ltr'><em>z</em></span> <span class='ocrx_word' id='word_1_135' title='bbox 725 1143 799 1178; x_wconf 91' lang='lat' dir='ltr'>sed</span> <span class='ocrx_word' id='word_1_136' title='bbox 817 1145 984 1188; x_wconf 91' lang='lat' dir='ltr'>quanto</span> <span class='ocrx_word' id='word_1_137' title='bbox 1002 1143 1224 1179; x_wconf 88' lang='lat' dir='ltr'>clariorem</span> <span class='ocrx_word' id='word_1_138' title='bbox 1242 1153 1381 1180; x_wconf 90' lang='lat' dir='ltr'>canes.</span> <span class='ocrx_word' id='word_1_139' title='bbox 1408 1156 1422 1179; x_wconf 92' lang='lat'>»</span> <span class='ocrx_word' id='word_1_140' title='bbox 1447 1145 1550 1190; x_wconf 89' lang='grc' dir='ltr'>(Ερ.</span> <span class='ocrx_word' id='word_1_141' title='bbox 1571 1146 1762 1182; x_wconf 91' lang='lat' dir='ltr'>LXXVI</span> 
     </span>
     <span class='ocr_line' id='line_1_14' title="bbox 123 1202 1761 1251; baseline 0.002 -13"><span class='ocrx_word' id='word_1_142' title='bbox 123 1203 179 1247; x_wconf 89' lang='lat'>9).</span> <span class='ocrx_word' id='word_1_143' title='bbox 204 1202 319 1239; x_wconf 87' lang='lat' dir='ltr'>C’est</span> <span class='ocrx_word' id='word_1_144' title='bbox 340 1202 673 1247; x_wconf 87' lang='lat' dir='ltr'>probablement</span> <span class='ocrx_word' id='word_1_145' title='bbox 695 1204 810 1238; x_wconf 89' lang='lat' dir='ltr'>cette</span> <span class='ocrx_word' id='word_1_146' title='bbox 833 1202 1091 1238; x_wconf 87' lang='lat' dir='ltr'>dislocation</span> <span class='ocrx_word' id='word_1_147' title='bbox 1114 1202 1166 1238; x_wconf 91' lang='lat' dir='ltr'>de</span> <span class='ocrx_word' id='word_1_148' title='bbox 1186 1202 1228 1238; x_wconf 98' lang='grc'>13</span> <span class='ocrx_word' id='word_1_149' title='bbox 1248 1203 1423 1247; x_wconf 82' lang='lat' dir='ltr'>periode</span> <span class='ocrx_word' id='word_1_150' title='bbox 1445 1204 1656 1250; x_wconf 88' lang='lat' dir='ltr'>classique</span> <span class='ocrx_word' id='word_1_151' title='bbox 1678 1215 1761 1251; x_wconf 90' lang='lat' dir='ltr'>que</span> 
     </span>
     <span class='ocr_line' id='line_1_15' title="bbox 129 1261 1763 1309; baseline 0.001 -11"><span class='ocrx_word' id='word_1_152' title='bbox 129 1262 310 1298; x_wconf 73' lang='lat' dir='ltr'>blamait</span> <span class='ocrx_word' id='word_1_153' title='bbox 337 1261 528 1307; x_wconf 83' lang='lat' dir='ltr'>Caligula</span> <span class='ocrx_word' id='word_1_154' title='bbox 553 1261 701 1307; x_wconf 90' lang='lat' dir='ltr'>quand</span> <span class='ocrx_word' id='word_1_155' title='bbox 724 1261 754 1296; x_wconf 94' lang='lat' dir='ltr'>il</span> <span class='ocrx_word' id='word_1_156' title='bbox 779 1261 1021 1298; x_wconf 80' lang='lat' dir='ltr'>definissait</span> <span class='ocrx_word' id='word_1_157' title='bbox 1044 1262 1082 1297; x_wconf 92' lang='lat' dir='ltr'>Ie</span> <span class='ocrx_word' id='word_1_158' title='bbox 1106 1261 1218 1307; x_wconf 87' lang='lat' dir='ltr'>style</span> <span class='ocrx_word' id='word_1_159' title='bbox 1243 1262 1295 1298; x_wconf 91' lang='lat' dir='ltr'>de</span> <span class='ocrx_word' id='word_1_160' title='bbox 1320 1262 1514 1309; x_wconf 77' lang='lat' dir='ltr'>seneque</span> <span class='ocrx_word' id='word_1_161' title='bbox 1541 1275 1549 1299; x_wconf 73' lang='grc' dir='ltr'>ε</span> <span class='ocrx_word' id='word_1_162' title='bbox 1593 1276 1608 1298; x_wconf 85' lang='grc'>«</span> <span class='ocrx_word' id='word_1_163' title='bbox 1629 1265 1763 1300; x_wconf 83' lang='lat' dir='ltr'>Hare-</span> 
     </span>
     <span class='ocr_line' id='line_1_16' title="bbox 128 1320 1762 1368; baseline 0.002 -11"><span class='ocrx_word' id='word_1_164' title='bbox 128 1331 273 1357; x_wconf 85' lang='lat' dir='ltr'>nam...</span> <span class='ocrx_word' id='word_1_165' title='bbox 309 1321 401 1357; x_wconf 86' lang='lat' dir='ltr'>sine</span> <span class='ocrx_word' id='word_1_166' title='bbox 434 1322 540 1356; x_wconf 84' lang='lat' dir='ltr'>calce</span> <span class='ocrx_word' id='word_1_167' title='bbox 563 1333 577 1354; x_wconf 90' lang='lat'>»</span> <span class='ocrx_word' id='word_1_168' title='bbox 612 1321 749 1366; x_wconf 78' lang='lat' dir='ltr'>(Suet.</span> <span class='ocrx_word' id='word_1_169' title='bbox 789 1320 924 1366; x_wconf 77' lang='lat' dir='ltr'>Caliy.</span> <span class='ocrx_word' id='word_1_170' title='bbox 961 1321 1100 1366; x_wconf 92' lang='lat' dir='ltr'>LIII).</span> <span class='ocrx_word' id='word_1_171' title='bbox 1132 1341 1188 1346; x_wconf 92' lang='lat'>——</span> <span class='ocrx_word' id='word_1_172' title='bbox 1244 1322 1382 1358; x_wconf 85' lang='lat' dir='ltr'>Multo</span> <span class='ocrx_word' id='word_1_173' title='bbox 1415 1333 1423 1358; x_wconf 75' lang='grc' dir='ltr'>ε</span> <span class='ocrx_word' id='word_1_174' title='bbox 1459 1324 1674 1368; x_wconf 89' lang='lat' dir='ltr'>remplace</span> <span class='ocrx_word' id='word_1_175' title='bbox 1708 1324 1762 1360; x_wconf 90' lang='lat' dir='ltr'>ici</span> 
     </span>
     <span class='ocr_line' id='line_1_17' title="bbox 128 1380 1762 1428; baseline 0.002 -12"><span class='ocrx_word' id='word_1_176' title='bbox 128 1381 166 1417; x_wconf 89' lang='lat' dir='ltr'>Ie</span> <span class='ocrx_word' id='word_1_177' title='bbox 190 1380 419 1426; x_wconf 84' lang='lat' dir='ltr'>superlatif</span> <span class='ocrx_word' id='word_1_178' title='bbox 442 1381 515 1426; x_wconf 86' lang='lat' dir='ltr'>qui</span> <span class='ocrx_word' id='word_1_179' title='bbox 540 1383 603 1416; x_wconf 90' lang='lat' dir='ltr'>est</span> <span class='ocrx_word' id='word_1_180' title='bbox 629 1380 737 1416; x_wconf 90' lang='lat' dir='ltr'>dans</span> <span class='ocrx_word' id='word_1_181' title='bbox 761 1380 803 1416; x_wconf 89' lang='lat' dir='ltr'>la</span> <span class='ocrx_word' id='word_1_182' title='bbox 826 1381 981 1425; x_wconf 79' lang='lat' dir='ltr'>pensee</span> <span class='ocrx_word' id='word_1_183' title='bbox 1005 1380 1057 1416; x_wconf 93' lang='lat' dir='ltr'>de</span> <span class='ocrx_word' id='word_1_184' title='bbox 1082 1380 1290 1426; x_wconf 79' lang='lat' dir='ltr'>Seneque‚</span> <span class='ocrx_word' id='word_1_185' title='bbox 1314 1382 1424 1417; x_wconf 88' lang='lat' dir='ltr'>mais</span> <span class='ocrx_word' id='word_1_186' title='bbox 1448 1383 1606 1428; x_wconf 91' lang='lat' dir='ltr'>auquel</span> <span class='ocrx_word' id='word_1_187' title='bbox 1629 1393 1685 1418; x_wconf 92' lang='lat' dir='ltr'>on</span> <span class='ocrx_word' id='word_1_188' title='bbox 1709 1393 1762 1419; x_wconf 92' lang='lat' dir='ltr'>ne</span> 
     </span>
     <span class='ocr_line' id='line_1_18' title="bbox 122 1440 1760 1487; baseline 0.002 -11"><span class='ocrx_word' id='word_1_189' title='bbox 122 1443 228 1485; x_wconf 86' lang='lat' dir='ltr'>peut</span> <span class='ocrx_word' id='word_1_190' title='bbox 254 1443 413 1476; x_wconf 89' lang='lat' dir='ltr'>mettre</span> <span class='ocrx_word' id='word_1_191' title='bbox 439 1442 683 1476; x_wconf 84' lang='lat' dir='ltr'>saturatam.</span> <span class='ocrx_word' id='word_1_192' title='bbox 717 1460 772 1465; x_wconf 92' lang='lat'><strong>—</strong></span> <span class='ocrx_word' id='word_1_193' title='bbox 833 1440 1063 1485; x_wconf 78' lang='lat' dir='ltr'>conchylio</span> <span class='ocrx_word' id='word_1_194' title='bbox 1092 1451 1101 1476; x_wconf 92' lang='lat'>:</span> <span class='ocrx_word' id='word_1_195' title='bbox 1129 1441 1369 1486; x_wconf 86' lang='lat' dir='ltr'>coquillage</span> <span class='ocrx_word' id='word_1_196' title='bbox 1396 1441 1468 1487; x_wconf 84' lang='lat' dir='ltr'>(cf.</span> <span class='ocrx_word' id='word_1_197' title='bbox 1497 1442 1632 1486; x_wconf 89' lang='lat' dir='ltr'>Pline‚</span> <span class='ocrx_word' id='word_1_198' title='bbox 1662 1443 1760 1479; x_wconf 85' lang='lat' dir='ltr'>Nat.</span> 
     </span>
     <span class='ocr_line' id='line_1_19' title="bbox 123 1499 1762 1547; baseline 0.002 -12"><span class='ocrx_word' id='word_1_199' title='bbox 123 1500 236 1536; x_wconf 89' lang='lat' dir='ltr'>Hist.</span> <span class='ocrx_word' id='word_1_200' title='bbox 263 1499 328 1535; x_wconf 90' lang='lat' dir='ltr'>IX</span> <span class='ocrx_word' id='word_1_201' title='bbox 351 1500 463 1545; x_wconf 82' lang='lat'>124),</span> <span class='ocrx_word' id='word_1_202' title='bbox 485 1499 593 1535; x_wconf 91' lang='lat' dir='ltr'>dont</span> <span class='ocrx_word' id='word_1_203' title='bbox 614 1509 669 1534; x_wconf 93' lang='lat' dir='ltr'>on</span> <span class='ocrx_word' id='word_1_204' title='bbox 690 1499 812 1535; x_wconf 89' lang='lat' dir='ltr'>tirait</span> <span class='ocrx_word' id='word_1_205' title='bbox 833 1499 876 1535; x_wconf 90' lang='lat' dir='ltr'>la</span> <span class='ocrx_word' id='word_1_206' title='bbox 895 1508 1083 1544; x_wconf 90' lang='lat' dir='ltr'>pourpre</span> <span class='ocrx_word' id='word_1_207' title='bbox 1104 1502 1281 1536; x_wconf 85' lang='lat' dir='ltr'>servant</span> <span class='ocrx_word' id='word_1_208' title='bbox 1303 1500 1327 1536; x_wconf 90' lang='grc'>3</span> <span class='ocrx_word' id='word_1_209' title='bbox 1347 1501 1517 1537; x_wconf 88' lang='lat' dir='ltr'>teindre</span> <span class='ocrx_word' id='word_1_210' title='bbox 1537 1502 1762 1547; x_wconf 82' lang='lat' dir='ltr'>(saturare)</span> 
     </span>
     <span class='ocr_line' id='line_1_20' title="bbox 125 1559 1761 1605; baseline 0.001 -10"><span class='ocrx_word' id='word_1_211' title='bbox 125 1559 184 1595; x_wconf 91' lang='lat' dir='ltr'>les</span> <span class='ocrx_word' id='word_1_212' title='bbox 214 1559 383 1595; x_wconf 78' lang='lat' dir='ltr'>etoffes.</span> <span class='ocrx_word' id='word_1_213' title='bbox 416 1559 597 1604; x_wconf 86' lang='lat' dir='ltr'>L’usage</span> <span class='ocrx_word' id='word_1_214' title='bbox 627 1568 679 1594; x_wconf 89' lang='lat' dir='ltr'>en</span> <span class='ocrx_word' id='word_1_215' title='bbox 709 1559 818 1595; x_wconf 79' lang='lat' dir='ltr'>etait</span> <span class='ocrx_word' id='word_1_216' title='bbox 847 1559 1044 1604; x_wconf 77' lang='lat' dir='ltr'>repandu</span> <span class='ocrx_word' id='word_1_217' title='bbox 1074 1559 1098 1594; x_wconf 89' lang='grc'>3</span> <span class='ocrx_word' id='word_1_218' title='bbox 1128 1562 1242 1595; x_wconf 88' lang='lat' dir='ltr'>cette</span> <span class='ocrx_word' id='word_1_219' title='bbox 1272 1560 1439 1605; x_wconf 80' lang='lat' dir='ltr'>epoque</span> <span class='ocrx_word' id='word_1_220' title='bbox 1470 1571 1478 1596; x_wconf 74' lang='grc' dir='ltr'>ε</span> <span class='ocrx_word' id='word_1_221' title='bbox 1511 1572 1526 1595; x_wconf 91' lang='lat'>«</span> <span class='ocrx_word' id='word_1_222' title='bbox 1548 1561 1615 1596; x_wconf 87' lang='lat' dir='ltr'>Ex</span> <span class='ocrx_word' id='word_1_223' title='bbox 1644 1562 1761 1597; x_wconf 91' lang='lat' dir='ltr'>omni</span> 
     </span>
     <span class='ocr_line' id='line_1_21' title="bbox 120 1618 1761 1666; baseline 0.002 -13"><span class='ocrx_word' id='word_1_224' title='bbox 120 1627 226 1664; x_wconf 89' lang='lat' dir='ltr'>rupe</span> <span class='ocrx_word' id='word_1_225' title='bbox 245 1618 506 1664; x_wconf 79' lang='lat' dir='ltr'>conchylium</span> <span class='ocrx_word' id='word_1_226' title='bbox 525 1618 812 1662; x_wconf 88' lang='lat' dir='ltr'>contrahitur,</span> <span class='ocrx_word' id='word_1_227' title='bbox 833 1628 910 1664; x_wconf 83' lang='lat' dir='ltr'>quo</span> <span class='ocrx_word' id='word_1_228' title='bbox 931 1619 1056 1655; x_wconf 87' lang='lat' dir='ltr'>uestis</span> <span class='ocrx_word' id='word_1_229' title='bbox 1075 1620 1318 1655; x_wconf 78' lang='lat' dir='ltr'>cruentetur.</span> <span class='ocrx_word' id='word_1_230' title='bbox 1336 1631 1351 1654; x_wconf 89' lang='lat'><strong>»</strong></span> <span class='ocrx_word' id='word_1_231' title='bbox 1369 1620 1528 1665; x_wconf 85' lang='lat' dir='ltr'>(Contr.</span> <span class='ocrx_word' id='word_1_232' title='bbox 1554 1621 1595 1656; x_wconf 94' lang='lat' dir='ltr'>II</span> <span class='ocrx_word' id='word_1_233' title='bbox 1615 1621 1654 1665; x_wconf 90' lang='lat'>7,</span> <span class='ocrx_word' id='word_1_234' title='bbox 1675 1621 1761 1666; x_wconf 89' lang='lat'>10.)</span> 
     </span>
     <span class='ocr_line' id='line_1_22' title="bbox 123 1678 1761 1724; baseline 0.001 -10"><span class='ocrx_word' id='word_1_235' title='bbox 123 1698 178 1703; x_wconf 89' lang='lat'><strong>—</strong></span> <span class='ocrx_word' id='word_1_236' title='bbox 235 1678 451 1714; x_wconf 80' lang='lat' dir='ltr'>Intextam</span> <span class='ocrx_word' id='word_1_237' title='bbox 483 1688 633 1714; x_wconf 81' lang='lat' dir='ltr'>auro...</span> <span class='ocrx_word' id='word_1_238' title='bbox 669 1682 710 1714; x_wconf 88' lang='lat' dir='ltr'>et</span> <span class='ocrx_word' id='word_1_239' title='bbox 742 1678 955 1714; x_wconf 85' lang='lat' dir='ltr'>coloribus</span> <span class='ocrx_word' id='word_1_240' title='bbox 990 1689 998 1713; x_wconf 93' lang='lat'><strong>:</strong></span> <span class='ocrx_word' id='word_1_241' title='bbox 1033 1678 1182 1714; x_wconf 81' lang='lat' dir='ltr'>c’etait</span> <span class='ocrx_word' id='word_1_242' title='bbox 1214 1678 1252 1714; x_wconf 90' lang='lat' dir='ltr'>le</span> <span class='ocrx_word' id='word_1_243' title='bbox 1285 1687 1356 1714; x_wconf 88' lang='lat' dir='ltr'>cas</span> <span class='ocrx_word' id='word_1_244' title='bbox 1389 1680 1529 1715; x_wconf 80' lang='lat' dir='ltr'>meme</span> <span class='ocrx_word' id='word_1_245' title='bbox 1561 1689 1671 1724; x_wconf 89' lang='lat' dir='ltr'>pour</span> <span class='ocrx_word' id='word_1_246' title='bbox 1702 1681 1761 1716; x_wconf 87' lang='lat' dir='ltr'>les</span> 
     </span>
     <span class='ocr_line' id='line_1_23' title="bbox 122 1738 1761 1784; baseline 0.001 -11"><span class='ocrx_word' id='word_1_247' title='bbox 122 1738 327 1781; x_wconf 87' lang='lat' dir='ltr'>esclaves,</span> <span class='ocrx_word' id='word_1_248' title='bbox 361 1738 414 1774; x_wconf 81' lang='lat' dir='ltr'>cf.</span> <span class='ocrx_word' id='word_1_249' title='bbox 455 1738 516 1774; x_wconf 89' lang='lat' dir='ltr'>De</span> <span class='ocrx_word' id='word_1_250' title='bbox 557 1738 706 1784; x_wconf 82' lang='lat' dir='ltr'>Tranq.</span> <span class='ocrx_word' id='word_1_251' title='bbox 747 1738 831 1774; x_wconf 86' lang='lat' dir='ltr'>An.</span> <span class='ocrx_word' id='word_1_252' title='bbox 871 1738 888 1773; x_wconf 97' lang='lat' dir='ltr'>I</span> <span class='ocrx_word' id='word_1_253' title='bbox 922 1738 945 1774; x_wconf 89' lang='lat'>8</span> <span class='ocrx_word' id='word_1_254' title='bbox 980 1748 989 1773; x_wconf 88' lang='lat'>:</span> <span class='ocrx_word' id='word_1_255' title='bbox 1025 1738 1321 1783; x_wconf 85' lang='lat' dir='ltr'>«Diligentius</span> <span class='ocrx_word' id='word_1_256' title='bbox 1355 1748 1488 1784; x_wconf 87' lang='lat' dir='ltr'>quam</span> <span class='ocrx_word' id='word_1_257' title='bbox 1519 1739 1564 1774; x_wconf 93' lang='lat' dir='ltr'>in</span> <span class='ocrx_word' id='word_1_258' title='bbox 1595 1740 1761 1775; x_wconf 86' lang='lat' dir='ltr'>tralatu</span> 
     </span>
     <span class='ocr_line' id='line_1_24' title="bbox 123 1797 1762 1844; baseline 0.001 -12"><span class='ocrx_word' id='word_1_259' title='bbox 123 1797 407 1842; x_wconf 87' lang='lat' dir='ltr'>(procession)</span> <span class='ocrx_word' id='word_1_260' title='bbox 429 1797 592 1833; x_wconf 90' lang='lat' dir='ltr'>uestita</span> <span class='ocrx_word' id='word_1_261' title='bbox 616 1800 659 1833; x_wconf 90' lang='lat' dir='ltr'>et</span> <span class='ocrx_word' id='word_1_262' title='bbox 683 1808 785 1833; x_wconf 85' lang='lat' dir='ltr'>auro</span> <span class='ocrx_word' id='word_1_263' title='bbox 808 1798 919 1833; x_wconf 84' lang='lat' dir='ltr'>culta</span> <span class='ocrx_word' id='word_1_264' title='bbox 943 1797 1173 1843; x_wconf 83' lang='lat' dir='ltr'>mancipia.</span> <span class='ocrx_word' id='word_1_265' title='bbox 1200 1810 1214 1832; x_wconf 92' lang='lat'>»</span> <span class='ocrx_word' id='word_1_266' title='bbox 1243 1818 1299 1823; x_wconf 86' lang='lat'>——</span> <span class='ocrx_word' id='word_1_267' title='bbox 1359 1798 1444 1834; x_wconf 92' lang='lat' dir='ltr'>Suo</span> <span class='ocrx_word' id='word_1_268' title='bbox 1466 1808 1626 1844; x_wconf 84' lang='lat' dir='ltr'>pauper</span> <span class='ocrx_word' id='word_1_269' title='bbox 1650 1809 1659 1834; x_wconf 92' lang='lat'>:</span> <span class='ocrx_word' id='word_1_270' title='bbox 1683 1808 1762 1844; x_wconf 89' lang='lat' dir='ltr'>par</span> 
     </span>
     <span class='ocr_line' id='line_1_25' title="bbox 122 1856 1763 1904; baseline 0.002 -12"><span class='ocrx_word' id='word_1_271' title='bbox 122 1857 164 1892; x_wconf 90' lang='lat' dir='ltr'>la</span> <span class='ocrx_word' id='word_1_272' title='bbox 184 1857 327 1892; x_wconf 77' lang='lat' dir='ltr'>iausse</span> <span class='ocrx_word' id='word_1_273' title='bbox 348 1856 442 1892; x_wconf 81' lang='lat' dir='ltr'>idee</span> <span class='ocrx_word' id='word_1_274' title='bbox 463 1857 645 1903; x_wconf 84' lang='lat' dir='ltr'>(opinio)</span> <span class='ocrx_word' id='word_1_275' title='bbox 667 1857 799 1902; x_wconf 90' lang='lat' dir='ltr'>qu’on</span> <span class='ocrx_word' id='word_1_276' title='bbox 821 1865 864 1892; x_wconf 89' lang='lat' dir='ltr'>se</span> <span class='ocrx_word' id='word_1_277' title='bbox 885 1857 968 1892; x_wconf 83' lang='lat' dir='ltr'>fait</span> <span class='ocrx_word' id='word_1_278' title='bbox 990 1857 1041 1892; x_wconf 91' lang='lat' dir='ltr'>de</span> <span class='ocrx_word' id='word_1_279' title='bbox 1061 1857 1103 1892; x_wconf 89' lang='grc'>13</span> <span class='ocrx_word' id='word_1_280' title='bbox 1122 1857 1306 1893; x_wconf 91' lang='lat' dir='ltr'>richesse</span> <span class='ocrx_word' id='word_1_281' title='bbox 1326 1868 1334 1893; x_wconf 88' lang='lat'><strong>:</strong></span> <span class='ocrx_word' id='word_1_282' title='bbox 1358 1867 1413 1893; x_wconf 94' lang='lat' dir='ltr'>on</span> <span class='ocrx_word' id='word_1_283' title='bbox 1434 1858 1476 1893; x_wconf 89' lang='lat' dir='ltr'>la</span> <span class='ocrx_word' id='word_1_284' title='bbox 1496 1859 1632 1903; x_wconf 86' lang='lat' dir='ltr'>prend</span> <span class='ocrx_word' id='word_1_285' title='bbox 1653 1868 1763 1904; x_wconf 89' lang='lat' dir='ltr'>pour</span> 
     </span>
     <span class='ocr_line' id='line_1_26' title="bbox 120 1916 1760 1964; baseline 0.002 -13"><span class='ocrx_word' id='word_1_286' title='bbox 120 1925 179 1951; x_wconf 91' lang='lat' dir='ltr'>un</span> <span class='ocrx_word' id='word_1_287' title='bbox 195 1916 309 1960; x_wconf 89' lang='lat' dir='ltr'>bien,</span> <span class='ocrx_word' id='word_1_288' title='bbox 326 1916 402 1952; x_wconf 90' lang='lat' dir='ltr'>elle</span> <span class='ocrx_word' id='word_1_289' title='bbox 418 1916 529 1952; x_wconf 89' lang='lat' dir='ltr'>n&#39;est</span> <span class='ocrx_word' id='word_1_290' title='bbox 545 1917 680 1962; x_wconf 91' lang='lat' dir='ltr'>qu’un</span> <span class='ocrx_word' id='word_1_291' title='bbox 697 1916 929 1952; x_wconf 89' lang='lat' dir='ltr'>accessoire</span> <span class='ocrx_word' id='word_1_292' title='bbox 943 1927 953 1960; x_wconf 92' lang='lat'>;</span> <span class='ocrx_word' id='word_1_293' title='bbox 969 1916 1022 1952; x_wconf 85' lang='lat' dir='ltr'>ef.</span> <span class='ocrx_word' id='word_1_294' title='bbox 1039 1916 1218 1961; x_wconf 80' lang='lat' dir='ltr'>Apulee,</span> <span class='ocrx_word' id='word_1_295' title='bbox 1238 1917 1362 1962; x_wconf 85' lang='lat' dir='ltr'>Apol.</span> <span class='ocrx_word' id='word_1_296' title='bbox 1379 1917 1468 1953; x_wconf 94' lang='lat' dir='ltr'>XX</span> <span class='ocrx_word' id='word_1_297' title='bbox 1484 1918 1568 1963; x_wconf 81' lang='lat' dir='ltr'>(ed.</span> <span class='ocrx_word' id='word_1_298' title='bbox 1586 1918 1733 1964; x_wconf 91' lang='lat' dir='ltr'>Helm)</span> <span class='ocrx_word' id='word_1_299' title='bbox 1751 1930 1760 1954; x_wconf 90' lang='lat'>:</span> 
     </span>
     <span class='ocr_line' id='line_1_27' title="bbox 123 1975 1758 2024; baseline 0.002 -14"><span class='ocrx_word' id='word_1_300' title='bbox 123 1987 138 2010; x_wconf 89' lang='lat'><strong>«</strong></span> <span class='ocrx_word' id='word_1_301' title='bbox 160 1975 355 2013; x_wconf 90' lang='lat' dir='ltr'>Omnis...</span> <span class='ocrx_word' id='word_1_302' title='bbox 387 1975 544 2020; x_wconf 91' lang='lat' dir='ltr'>cupido</span> <span class='ocrx_word' id='word_1_303' title='bbox 574 1976 825 2022; x_wconf 88' lang='lat' dir='ltr'>acquirendi</span> <span class='ocrx_word' id='word_1_304' title='bbox 855 1987 903 2011; x_wconf 82' lang='lat' dir='ltr'>ex</span> <span class='ocrx_word' id='word_1_305' title='bbox 930 1976 1130 2021; x_wconf 83' lang='lat' dir='ltr'>opinione</span> <span class='ocrx_word' id='word_1_306' title='bbox 1167 1976 1340 2021; x_wconf 85' lang='lat' dir='ltr'>inopiae</span> <span class='ocrx_word' id='word_1_307' title='bbox 1371 1977 1539 2021; x_wconf 87' lang='lat' dir='ltr'>uenit»,</span> <span class='ocrx_word' id='word_1_308' title='bbox 1574 1979 1618 2013; x_wconf 91' lang='lat' dir='ltr'>et</span> <span class='ocrx_word' id='word_1_309' title='bbox 1658 1987 1758 2024; x_wconf 87' lang='lat' dir='ltr'>voy.</span> 
     </span>
     <span class='ocr_line' id='line_1_28' title="bbox 124 2035 1759 2081; baseline 0.001 -11"><span class='ocrx_word' id='word_1_310' title='bbox 124 2035 281 2072; x_wconf 82' lang='lat' dir='ltr'>Introd.</span> <span class='ocrx_word' id='word_1_311' title='bbox 327 2044 400 2080; x_wconf 88' lang='lat' dir='ltr'>pp.</span> <span class='ocrx_word' id='word_1_312' title='bbox 448 2035 667 2071; x_wconf 92' lang='lat' dir='ltr'>XLIX-L.</span> <span class='ocrx_word' id='word_1_313' title='bbox 717 2055 773 2060; x_wconf 86' lang='lat'><strong>—</strong></span> <span class='ocrx_word' id='word_1_314' title='bbox 835 2035 1114 2071; x_wconf 85' lang='lat' dir='ltr'>Restituendo</span> <span class='ocrx_word' id='word_1_315' title='bbox 1142 2046 1150 2071; x_wconf 76' lang='grc' dir='ltr'>ε</span> <span class='ocrx_word' id='word_1_316' title='bbox 1197 2045 1243 2071; x_wconf 89' lang='lat' dir='ltr'>ce</span> <span class='ocrx_word' id='word_1_317' title='bbox 1282 2036 1478 2081; x_wconf 78' lang='lat' dir='ltr'>gerondif</span> <span class='ocrx_word' id='word_1_318' title='bbox 1503 2039 1569 2072; x_wconf 87' lang='lat' dir='ltr'>est</span> <span class='ocrx_word' id='word_1_319' title='bbox 1594 2037 1759 2072; x_wconf 88' lang='lat' dir='ltr'>embar-</span> 
     </span>
     <span class='ocr_line' id='line_1_29' title="bbox 120 2095 1761 2141; baseline 0.002 -11"><span class='ocrx_word' id='word_1_320' title='bbox 120 2097 305 2131; x_wconf 88' lang='lat' dir='ltr'>rassant.</span> <span class='ocrx_word' id='word_1_321' title='bbox 327 2095 454 2141; x_wconf 89' lang='lat' dir='ltr'>(Voy.</span> <span class='ocrx_word' id='word_1_322' title='bbox 475 2095 521 2131; x_wconf 93' lang='lat' dir='ltr'>N.</span> <span class='ocrx_word' id='word_1_323' title='bbox 547 2095 621 2140; x_wconf 87' lang='lat' dir='ltr'>C.).</span> <span class='ocrx_word' id='word_1_324' title='bbox 646 2095 775 2132; x_wconf 86' lang='lat' dir='ltr'>Gertz</span> <span class='ocrx_word' id='word_1_325' title='bbox 794 2095 832 2130; x_wconf 86' lang='lat' dir='ltr'>le</span> <span class='ocrx_word' id='word_1_326' title='bbox 854 2104 1059 2130; x_wconf 88' lang='lat' dir='ltr'>conserve</span> <span class='ocrx_word' id='word_1_327' title='bbox 1079 2104 1131 2130; x_wconf 87' lang='lat' dir='ltr'>en</span> <span class='ocrx_word' id='word_1_328' title='bbox 1151 2103 1194 2130; x_wconf 91' lang='lat' dir='ltr'>se</span> <span class='ocrx_word' id='word_1_329' title='bbox 1211 2095 1480 2131; x_wconf 83' lang='lat' dir='ltr'>demandant</span> <span class='ocrx_word' id='word_1_330' title='bbox 1495 2096 1529 2131; x_wconf 89' lang='lat' dir='ltr'>si</span> <span class='ocrx_word' id='word_1_331' title='bbox 1544 2097 1761 2140; x_wconf 79' lang='lat' dir='ltr'>peut-etre</span> 
     </span>
     <span class='ocr_line' id='line_1_30' title="bbox 120 2154 1762 2200; baseline 0.001 -10"><span class='ocrx_word' id='word_1_332' title='bbox 120 2155 149 2190; x_wconf 93' lang='lat' dir='ltr'>il</span> <span class='ocrx_word' id='word_1_333' title='bbox 183 2154 357 2200; x_wconf 83' lang='lat' dir='ltr'>signifie</span> <span class='ocrx_word' id='word_1_334' title='bbox 399 2155 437 2190; x_wconf 88' lang='lat' dir='ltr'>ei</span> <span class='ocrx_word' id='word_1_335' title='bbox 468 2155 540 2200; x_wconf 84' lang='lat' dir='ltr'>qui</span> <span class='ocrx_word' id='word_1_336' title='bbox 572 2155 817 2190; x_wconf 81' lang='lat' dir='ltr'>restituitur.</span> <span class='ocrx_word' id='word_1_337' title='bbox 860 2154 983 2190; x_wconf 87' lang='lat' dir='ltr'>Cette</span> <span class='ocrx_word' id='word_1_338' title='bbox 1014 2154 1276 2199; x_wconf 87' lang='lat' dir='ltr'>explication</span> <span class='ocrx_word' id='word_1_339' title='bbox 1301 2155 1385 2190; x_wconf 88' lang='lat' dir='ltr'>ale</span> <span class='ocrx_word' id='word_1_340' title='bbox 1406 2157 1498 2191; x_wconf 87' lang='lat' dir='ltr'>tort</span> <span class='ocrx_word' id='word_1_341' title='bbox 1521 2155 1574 2191; x_wconf 91' lang='lat' dir='ltr'>de</span> <span class='ocrx_word' id='word_1_342' title='bbox 1597 2155 1762 2192; x_wconf 89' lang='lat' dir='ltr'>donner</span> 
     </span>
     <span class='ocr_line' id='line_1_31' title="bbox 123 2213 1761 2259; baseline 0.001 -9"><span class='ocrx_word' id='word_1_343' title='bbox 123 2214 145 2250; x_wconf 98' lang='grc'>3</span> <span class='ocrx_word' id='word_1_344' title='bbox 168 2214 417 2250; x_wconf 85' lang='lat' dir='ltr'>restituendo</span> <span class='ocrx_word' id='word_1_345' title='bbox 440 2223 499 2249; x_wconf 92' lang='lat' dir='ltr'>un</span> <span class='ocrx_word' id='word_1_346' title='bbox 521 2222 618 2250; x_wconf 90' lang='lat' dir='ltr'>sens</span> <span class='ocrx_word' id='word_1_347' title='bbox 642 2213 846 2249; x_wconf 81' lang='lat' dir='ltr'>different</span> <span class='ocrx_word' id='word_1_348' title='bbox 870 2214 922 2249; x_wconf 93' lang='lat' dir='ltr'>de</span> <span class='ocrx_word' id='word_1_349' title='bbox 944 2214 1173 2250; x_wconf 86' lang='lat' dir='ltr'>restitueris</span> <span class='ocrx_word' id='word_1_350' title='bbox 1198 2214 1272 2259; x_wconf 89' lang='lat' dir='ltr'>qui</span> <span class='ocrx_word' id='word_1_351' title='bbox 1294 2214 1488 2259; x_wconf 81' lang='lat' dir='ltr'>precede.</span> <span class='ocrx_word' id='word_1_352' title='bbox 1514 2215 1575 2250; x_wconf 89' lang='lat' dir='ltr'>La</span> <span class='ocrx_word' id='word_1_353' title='bbox 1599 2224 1761 2251; x_wconf 88' lang='lat' dir='ltr'>eorrec-</span> 
     </span>
     <span class='ocr_line' id='line_1_32' title="bbox 121 2273 1760 2318; baseline 0.001 -9"><span class='ocrx_word' id='word_1_354' title='bbox 121 2274 215 2309; x_wconf 89' lang='lat' dir='ltr'>tion</span> <span class='ocrx_word' id='word_1_355' title='bbox 235 2273 288 2309; x_wconf 90' lang='lat' dir='ltr'>de</span> <span class='ocrx_word' id='word_1_356' title='bbox 307 2273 448 2309; x_wconf 87' lang='lat' dir='ltr'>Muret</span> <span class='ocrx_word' id='word_1_357' title='bbox 469 2284 477 2309; x_wconf 75' lang='grc' dir='ltr'>ε</span> <span class='ocrx_word' id='word_1_358' title='bbox 495 2273 693 2316; x_wconf 86' lang='lat' dir='ltr'>restituto,</span> <span class='ocrx_word' id='word_1_359' title='bbox 714 2273 952 2318; x_wconf 88' lang='lat' dir='ltr'>qu&#39;adopte</span> <span class='ocrx_word' id='word_1_360' title='bbox 972 2273 1028 2308; x_wconf 93' lang='lat' dir='ltr'>M.</span> <span class='ocrx_word' id='word_1_361' title='bbox 1050 2273 1172 2316; x_wconf 81' lang='lat' dir='ltr'>Duff,</span> <span class='ocrx_word' id='word_1_362' title='bbox 1190 2274 1311 2318; x_wconf 75' lang='lat' dir='ltr'>prete</span> <span class='ocrx_word' id='word_1_363' title='bbox 1328 2273 1367 2309; x_wconf 90' lang='lat' dir='ltr'>Ie</span> <span class='ocrx_word' id='word_1_364' title='bbox 1386 2274 1502 2309; x_wconf 84' lang='lat' dir='ltr'>flanc</span> <span class='ocrx_word' id='word_1_365' title='bbox 1520 2274 1544 2309; x_wconf 88' lang='grc'>3</span> <span class='ocrx_word' id='word_1_366' title='bbox 1561 2274 1603 2309; x_wconf 92' lang='grc'>13</span> <span class='ocrx_word' id='word_1_367' title='bbox 1620 2275 1760 2310; x_wconf 83' lang='lat' dir='ltr'>meme</span> 
     </span>
     <span class='ocr_line' id='line_1_33' title="bbox 121 2333 1760 2379; baseline 0.001 -11"><span class='ocrx_word' id='word_1_368' title='bbox 121 2333 317 2378; x_wconf 87' lang='lat' dir='ltr'>critique.</span> <span class='ocrx_word' id='word_1_369' title='bbox 330 2333 381 2369; x_wconf 85' lang='lat' dir='ltr'>Je</span> <span class='ocrx_word' id='word_1_370' title='bbox 396 2333 526 2368; x_wconf 89' lang='lat' dir='ltr'>serais</span> <span class='ocrx_word' id='word_1_371' title='bbox 540 2333 678 2376; x_wconf 74' lang='lat' dir='ltr'>teme,</span> <span class='ocrx_word' id='word_1_372' title='bbox 693 2342 802 2377; x_wconf 91' lang='lat' dir='ltr'>pour</span> <span class='ocrx_word' id='word_1_373' title='bbox 816 2342 888 2368; x_wconf 91' lang='lat' dir='ltr'>ma</span> <span class='ocrx_word' id='word_1_374' title='bbox 908 2335 1022 2377; x_wconf 87' lang='lat' dir='ltr'>part,</span> <span class='ocrx_word' id='word_1_375' title='bbox 1045 2333 1118 2378; x_wconf 86' lang='lat' dir='ltr'>d&#39;y</span> <span class='ocrx_word' id='word_1_376' title='bbox 1138 2333 1232 2369; x_wconf 87' lang='lat' dir='ltr'>voir</span> <span class='ocrx_word' id='word_1_377' title='bbox 1250 2334 1310 2368; x_wconf 80' lang='lat' dir='ltr'>un</span> <span class='ocrx_word' id='word_1_378' title='bbox 1331 2333 1543 2369; x_wconf 85' lang='lat' dir='ltr'>veritable</span> <span class='ocrx_word' id='word_1_379' title='bbox 1564 2334 1760 2379; x_wconf 81' lang='lat' dir='ltr'>gerondif</span> 
     </span>
     <span class='ocr_line' id='line_1_34' title="bbox 122 2392 1757 2438; baseline 0.001 -10"><span class='ocrx_word' id='word_1_380' title='bbox 122 2393 145 2428; x_wconf 98' lang='grc'>3</span> <span class='ocrx_word' id='word_1_381' title='bbox 169 2392 286 2428; x_wconf 87' lang='lat' dir='ltr'>l&#39;abl.</span> <span class='ocrx_word' id='word_1_382' title='bbox 312 2392 337 2428; x_wconf 89' lang='grc'>3</span> <span class='ocrx_word' id='word_1_383' title='bbox 360 2399 455 2428; x_wconf 87' lang='lat' dir='ltr'>sens</span> <span class='ocrx_word' id='word_1_384' title='bbox 479 2392 613 2437; x_wconf 80' lang='lat' dir='ltr'>passis</span> <span class='ocrx_word' id='word_1_385' title='bbox 637 2395 680 2428; x_wconf 88' lang='lat' dir='ltr'>et</span> <span class='ocrx_word' id='word_1_386' title='bbox 705 2392 959 2438; x_wconf 83' lang='lat' dir='ltr'>equivalant</span> <span class='ocrx_word' id='word_1_387' title='bbox 984 2392 1008 2427; x_wconf 88' lang='grc'>3</span> <span class='ocrx_word' id='word_1_388' title='bbox 1031 2401 1090 2427; x_wconf 92' lang='lat' dir='ltr'>un</span> <span class='ocrx_word' id='word_1_389' title='bbox 1114 2393 1251 2428; x_wconf 88' lang='lat' dir='ltr'>subst.</span> <span class='ocrx_word' id='word_1_390' title='bbox 1277 2393 1428 2428; x_wconf 89' lang='lat' dir='ltr'>verbal</span> <span class='ocrx_word' id='word_1_391' title='bbox 1454 2403 1462 2428; x_wconf 91' lang='lat'><strong>:</strong></span> <span class='ocrx_word' id='word_1_392' title='bbox 1487 2393 1757 2429; x_wconf 82' lang='lat' dir='ltr'>restitutione.</span> 
     </span>
     <span class='ocr_line' id='line_1_35' title="bbox 122 2451 1756 2497; baseline -0.001 -8"><span class='ocrx_word' id='word_1_393' title='bbox 122 2452 176 2489; x_wconf 88' lang='lat' dir='ltr'>Ce</span> <span class='ocrx_word' id='word_1_394' title='bbox 201 2459 297 2487; x_wconf 91' lang='lat' dir='ltr'>sens</span> <span class='ocrx_word' id='word_1_395' title='bbox 324 2451 382 2486; x_wconf 90' lang='lat' dir='ltr'>du</span> <span class='ocrx_word' id='word_1_396' title='bbox 409 2451 604 2496; x_wconf 76' lang='lat' dir='ltr'>gerondif</span> <span class='ocrx_word' id='word_1_397' title='bbox 629 2451 741 2488; x_wconf 87' lang='lat' dir='ltr'>n’est</span> <span class='ocrx_word' id='word_1_398' title='bbox 767 2460 844 2496; x_wconf 90' lang='lat' dir='ltr'>pas</span> <span class='ocrx_word' id='word_1_399' title='bbox 871 2452 906 2487; x_wconf 93' lang='lat' dir='ltr'>si</span> <span class='ocrx_word' id='word_1_400' title='bbox 930 2461 1024 2487; x_wconf 89' lang='lat' dir='ltr'>rare</span> <span class='ocrx_word' id='word_1_401' title='bbox 1050 2461 1102 2487; x_wconf 91' lang='lat' dir='ltr'>en</span> <span class='ocrx_word' id='word_1_402' title='bbox 1127 2452 1251 2495; x_wconf 89' lang='lat' dir='ltr'>latin,</span> <span class='ocrx_word' id='word_1_403' title='bbox 1279 2452 1333 2487; x_wconf 84' lang='lat' dir='ltr'>cf.</span> <span class='ocrx_word' id='word_1_404' title='bbox 1362 2452 1486 2488; x_wconf 88' lang='lat' dir='ltr'>Corn.</span> <span class='ocrx_word' id='word_1_405' title='bbox 1521 2452 1630 2497; x_wconf 88' lang='lat' dir='ltr'>Nep.</span> <span class='ocrx_word' id='word_1_406' title='bbox 1674 2453 1756 2488; x_wconf 83' lang='lat' dir='ltr'>Att.</span> 
     </span>
     <span class='ocr_line' id='line_1_36' title="bbox 124 2510 1755 2555; baseline 0 -8"><span class='ocrx_word' id='word_1_407' title='bbox 124 2511 189 2547; x_wconf 91' lang='lat' dir='ltr'>IX</span> <span class='ocrx_word' id='word_1_408' title='bbox 216 2511 268 2547; x_wconf 89' lang='lat'>2:</span> <span class='ocrx_word' id='word_1_409' title='bbox 299 2522 314 2545; x_wconf 82' lang='lat'><strong>«</strong></span> <span class='ocrx_word' id='word_1_410' title='bbox 335 2510 439 2555; x_wconf 88' lang='lat' dir='ltr'>Spes</span> <span class='ocrx_word' id='word_1_411' title='bbox 467 2511 747 2546; x_wconf 84' lang='lat' dir='ltr'>restituendi»</span> <span class='ocrx_word' id='word_1_412' title='bbox 784 2527 822 2540; x_wconf 92' lang='lat'><strong><em>=</em></strong></span> <span class='ocrx_word' id='word_1_413' title='bbox 854 2511 1154 2554; x_wconf 79' lang='lat' dir='ltr'>restitutionis3</span> <span class='ocrx_word' id='word_1_414' title='bbox 1182 2510 1236 2546; x_wconf 87' lang='lat' dir='ltr'>cf.</span> <span class='ocrx_word' id='word_1_415' title='bbox 1267 2520 1419 2547; x_wconf 87' lang='lat' dir='ltr'>encore</span> <span class='ocrx_word' id='word_1_416' title='bbox 1448 2511 1532 2548; x_wconf 89' lang='lat' dir='ltr'>Cic.</span> <span class='ocrx_word' id='word_1_417' title='bbox 1567 2513 1628 2548; x_wconf 86' lang='lat' dir='ltr'>De</span> <span class='ocrx_word' id='word_1_418' title='bbox 1657 2512 1755 2548; x_wconf 80' lang='lat' dir='ltr'>Nat.</span> 
     </span>
     <span class='ocr_line' id='line_1_37' title="bbox 125 2569 1757 2615; baseline -0.001 -8"><span class='ocrx_word' id='word_1_419' title='bbox 125 2571 245 2607; x_wconf 86' lang='lat' dir='ltr'>Deor.</span> <span class='ocrx_word' id='word_1_420' title='bbox 275 2570 293 2606; x_wconf 95' lang='lat' dir='ltr'>I</span> <span class='ocrx_word' id='word_1_421' title='bbox 315 2570 384 2613; x_wconf 89' lang='lat'>29,</span> <span class='ocrx_word' id='word_1_422' title='bbox 408 2569 460 2605; x_wconf 91' lang='lat'>82</span> <span class='ocrx_word' id='word_1_423' title='bbox 486 2580 494 2605; x_wconf 92' lang='lat'>:</span> <span class='ocrx_word' id='word_1_424' title='bbox 521 2581 536 2604; x_wconf 72' lang='grc' dir='ltr'>«ι</span> <span class='ocrx_word' id='word_1_425' title='bbox 558 2570 622 2605; x_wconf 92' lang='lat' dir='ltr'>Ne</span> <span class='ocrx_word' id='word_1_426' title='bbox 644 2570 772 2615; x_wconf 73' lang='lat' dir='ltr'>fando</span> <span class='ocrx_word' id='word_1_427' title='bbox 797 2569 863 2615; x_wconf 92' lang='lat'>(=</span> <span class='ocrx_word' id='word_1_428' title='bbox 889 2570 1024 2615; x_wconf 86' lang='lat' dir='ltr'>sama)</span> <span class='ocrx_word' id='word_1_429' title='bbox 1049 2570 1224 2615; x_wconf 87' lang='lat' dir='ltr'>quidem</span> <span class='ocrx_word' id='word_1_430' title='bbox 1249 2570 1450 2606; x_wconf 87' lang='lat' dir='ltr'>auditum</span> <span class='ocrx_word' id='word_1_431' title='bbox 1475 2573 1552 2607; x_wconf 90' lang='lat' dir='ltr'>est.</span> <span class='ocrx_word' id='word_1_432' title='bbox 1578 2583 1593 2605; x_wconf 93' lang='lat'>»</span> <span class='ocrx_word' id='word_1_433' title='bbox 1625 2571 1757 2607; x_wconf 85' lang='lat' dir='ltr'>Resti-</span> 
     </span>
     <span class='ocr_line' id='line_1_38' title="bbox 122 2629 1755 2674; baseline -0.001 -9"><span class='ocrx_word' id='word_1_434' title='bbox 122 2630 271 2666; x_wconf 84' lang='lat' dir='ltr'>tuendo</span> <span class='ocrx_word' id='word_1_435' title='bbox 293 2629 463 2665; x_wconf 88' lang='lat' dir='ltr'>devrait</span> <span class='ocrx_word' id='word_1_436' title='bbox 483 2629 592 2665; x_wconf 90' lang='lat' dir='ltr'>ainsi</span> <span class='ocrx_word' id='word_1_437' title='bbox 612 2638 656 2664; x_wconf 89' lang='lat' dir='ltr'>se</span> <span class='ocrx_word' id='word_1_438' title='bbox 676 2629 869 2665; x_wconf 88' lang='lat' dir='ltr'>traduire</span> <span class='ocrx_word' id='word_1_439' title='bbox 889 2629 976 2665; x_wconf 91' lang='lat' dir='ltr'>litt.</span> <span class='ocrx_word' id='word_1_440' title='bbox 1002 2639 1010 2664; x_wconf 90' lang='lat'>:</span> <span class='ocrx_word' id='word_1_441' title='bbox 1035 2640 1050 2662; x_wconf 89' lang='lat'>«</span> <span class='ocrx_word' id='word_1_442' title='bbox 1070 2638 1148 2673; x_wconf 89' lang='lat' dir='ltr'>par</span> <span class='ocrx_word' id='word_1_443' title='bbox 1167 2629 1209 2664; x_wconf 89' lang='lat' dir='ltr'>la</span> <span class='ocrx_word' id='word_1_444' title='bbox 1228 2629 1496 2674; x_wconf 88' lang='lat' dir='ltr'>restitution,</span> <span class='ocrx_word' id='word_1_445' title='bbox 1519 2640 1571 2665; x_wconf 86' lang='lat' dir='ltr'>en</span> <span class='ocrx_word' id='word_1_446' title='bbox 1592 2630 1652 2665; x_wconf 91' lang='lat' dir='ltr'>lui</span> <span class='ocrx_word' id='word_1_447' title='bbox 1672 2639 1755 2665; x_wconf 88' lang='lat' dir='ltr'>res-</span> 
     </span>
     <span class='ocr_line' id='line_1_39' title="bbox 122 2688 1754 2733; baseline -0.001 -8"><span class='ocrx_word' id='word_1_448' title='bbox 122 2690 291 2725; x_wconf 88' lang='lat' dir='ltr'>tituant</span> <span class='ocrx_word' id='word_1_449' title='bbox 315 2701 329 2723; x_wconf 94' lang='lat'>»</span> <span class='ocrx_word' id='word_1_450' title='bbox 363 2705 401 2718; x_wconf 95' lang='lat'><strong><em>=</em></strong></span> <span class='ocrx_word' id='word_1_451' title='bbox 434 2700 449 2723; x_wconf 83' lang='lat'><strong>«</strong></span> <span class='ocrx_word' id='word_1_452' title='bbox 469 2688 504 2723; x_wconf 90' lang='lat' dir='ltr'>si</span> <span class='ocrx_word' id='word_1_453' title='bbox 530 2697 585 2724; x_wconf 93' lang='lat' dir='ltr'>on</span> <span class='ocrx_word' id='word_1_454' title='bbox 610 2688 670 2723; x_wconf 90' lang='lat' dir='ltr'>lui</span> <span class='ocrx_word' id='word_1_455' title='bbox 696 2688 877 2724; x_wconf 86' lang='lat' dir='ltr'>restitue</span> <span class='ocrx_word' id='word_1_456' title='bbox 903 2698 950 2724; x_wconf 91' lang='lat' dir='ltr'>ce</span> <span class='ocrx_word' id='word_1_457' title='bbox 976 2688 1080 2733; x_wconf 88' lang='lat' dir='ltr'>qu&#39;il</span> <span class='ocrx_word' id='word_1_458' title='bbox 1107 2697 1131 2723; x_wconf 87' lang='lat' dir='ltr'>a</span> <span class='ocrx_word' id='word_1_459' title='bbox 1156 2689 1293 2733; x_wconf 89' lang='lat' dir='ltr'>perdu</span> <span class='ocrx_word' id='word_1_460' title='bbox 1317 2700 1343 2724; x_wconf 80' lang='grc'>».</span> <span class='ocrx_word' id='word_1_461' title='bbox 1371 2689 1423 2725; x_wconf 86' lang='lat' dir='ltr'>Je</span> <span class='ocrx_word' id='word_1_462' title='bbox 1448 2699 1501 2724; x_wconf 90' lang='lat' dir='ltr'>ne</span> <span class='ocrx_word' id='word_1_463' title='bbox 1528 2689 1635 2724; x_wconf 90' lang='lat' dir='ltr'>crois</span> <span class='ocrx_word' id='word_1_464' title='bbox 1662 2698 1754 2733; x_wconf 87' lang='lat' dir='ltr'>pas,</span> 
     </span>
     <span class='ocr_line' id='line_1_40' title="bbox 124 2747 1755 2794; baseline -0.001 -10"><span class='ocrx_word' id='word_1_465' title='bbox 124 2758 175 2784; x_wconf 91' lang='lat' dir='ltr'>en</span> <span class='ocrx_word' id='word_1_466' title='bbox 201 2748 321 2792; x_wconf 75' lang='lat' dir='ltr'>estet,</span> <span class='ocrx_word' id='word_1_467' title='bbox 347 2747 453 2794; x_wconf 89' lang='lat' dir='ltr'>qu&#39;il</span> <span class='ocrx_word' id='word_1_468' title='bbox 477 2747 592 2783; x_wconf 77' lang='lat' dir='ltr'>faille</span> <span class='ocrx_word' id='word_1_469' title='bbox 617 2747 892 2784; x_wconf 88' lang='lat' dir='ltr'>absolument</span> <span class='ocrx_word' id='word_1_470' title='bbox 917 2748 1025 2791; x_wconf 88' lang='lat' dir='ltr'>voir‚</span> <span class='ocrx_word' id='word_1_471' title='bbox 1051 2747 1159 2783; x_wconf 88' lang='lat' dir='ltr'>ainsi</span> <span class='ocrx_word' id='word_1_472' title='bbox 1184 2757 1267 2793; x_wconf 91' lang='lat' dir='ltr'>que</span> <span class='ocrx_word' id='word_1_473' title='bbox 1290 2748 1329 2784; x_wconf 91' lang='lat' dir='ltr'>Ie</span> <span class='ocrx_word' id='word_1_474' title='bbox 1354 2749 1531 2784; x_wconf 89' lang='lat' dir='ltr'>veulent</span> <span class='ocrx_word' id='word_1_475' title='bbox 1559 2749 1687 2785; x_wconf 89' lang='lat' dir='ltr'>Gertz</span> <span class='ocrx_word' id='word_1_476' title='bbox 1712 2751 1755 2783; x_wconf 88' lang='lat' dir='ltr'>et</span> 
     </span>
     <span class='ocr_line' id='line_1_41' title="bbox 125 2807 1756 2851; baseline -0.002 -7"><span class='ocrx_word' id='word_1_477' title='bbox 125 2808 180 2844; x_wconf 92' lang='lat' dir='ltr'>M.</span> <span class='ocrx_word' id='word_1_478' title='bbox 210 2807 332 2851; x_wconf 80' lang='lat' dir='ltr'>Duff,</span> <span class='ocrx_word' id='word_1_479' title='bbox 359 2816 419 2842; x_wconf 91' lang='lat' dir='ltr'>un</span> <span class='ocrx_word' id='word_1_480' title='bbox 445 2807 553 2851; x_wconf 81' lang='lat' dir='ltr'>datis</span> <span class='ocrx_word' id='word_1_481' title='bbox 578 2816 630 2842; x_wconf 92' lang='lat' dir='ltr'>en</span> <span class='ocrx_word' id='word_1_482' title='bbox 655 2807 908 2842; x_wconf 86' lang='lat' dir='ltr'>restituendo</span> <span class='ocrx_word' id='word_1_483' title='bbox 935 2815 1102 2842; x_wconf 90' lang='lat' dir='ltr'>comme</span> <span class='ocrx_word' id='word_1_484' title='bbox 1134 2807 1330 2851; x_wconf 84' lang='lat' dir='ltr'>pendant</span> <span class='ocrx_word' id='word_1_485' title='bbox 1358 2807 1381 2843; x_wconf 92' lang='grc'>3</span> <span class='ocrx_word' id='word_1_486' title='bbox 1408 2808 1532 2843; x_wconf 79' lang='lat' dir='ltr'>exuli.</span> <span class='ocrx_word' id='word_1_487' title='bbox 1571 2807 1609 2842; x_wconf 94' lang='lat' dir='ltr'>A</span> <span class='ocrx_word' id='word_1_488' title='bbox 1644 2807 1756 2842; x_wconf 79' lang='lat' dir='ltr'>exuli</span> 
     </span>
     <span class='ocr_line' id='line_1_42' title="bbox 123 2866 733 2912; baseline -0.005 -8"><span class='ocrx_word' id='word_1_489' title='bbox 123 2867 321 2912; x_wconf 89' lang='lat' dir='ltr'>s’oppose</span> <span class='ocrx_word' id='word_1_490' title='bbox 345 2867 423 2909; x_wconf 81' lang='lat' dir='ltr'>illi,</span> <span class='ocrx_word' id='word_1_491' title='bbox 447 2866 520 2912; x_wconf 89' lang='lat' dir='ltr'>qui</span> <span class='ocrx_word' id='word_1_492' title='bbox 541 2866 733 2910; x_wconf 80' lang='lat' dir='ltr'>precede.</span> 
     </span>
    </p>

    <p class='ocr_par' dir='ltr' id='par_1_5' title="bbox 208 2924 1754 2972">
     <span class='ocr_line' id='line_1_43' title="bbox 208 2924 1754 2972; baseline -0.002 -9"><span class='ocrx_word' id='word_1_493' title='bbox 208 2926 247 2963; x_wconf 84' lang='lat'>3.</span> <span class='ocrx_word' id='word_1_494' title='bbox 280 2946 335 2951; x_wconf 82' lang='lat'>—</span> <span class='ocrx_word' id='word_1_495' title='bbox 393 2925 591 2972; x_wconf 82' lang='lat' dir='ltr'>Antiquis</span> <span class='ocrx_word' id='word_1_496' title='bbox 614 2925 860 2961; x_wconf 78' lang='lat' dir='ltr'>nominibus</span> <span class='ocrx_word' id='word_1_497' title='bbox 886 2935 894 2960; x_wconf 90' lang='lat'><strong>:</strong></span> <span class='ocrx_word' id='word_1_498' title='bbox 918 2924 956 2960; x_wconf 91' lang='lat' dir='ltr'>le</span> <span class='ocrx_word' id='word_1_499' title='bbox 980 2933 1083 2960; x_wconf 91' lang='lat' dir='ltr'>nom</span> <span class='ocrx_word' id='word_1_500' title='bbox 1107 2924 1158 2961; x_wconf 88' lang='lat' dir='ltr'>de</span> <span class='ocrx_word' id='word_1_501' title='bbox 1181 2925 1380 2961; x_wconf 83' lang='lat' dir='ltr'>l&#39;orfevre</span> <span class='ocrx_word' id='word_1_502' title='bbox 1403 2925 1578 2971; x_wconf 83' lang='lat' dir='ltr'>figurait</span> <span class='ocrx_word' id='word_1_503' title='bbox 1603 2933 1674 2960; x_wconf 90' lang='lat' dir='ltr'>sur</span> <span class='ocrx_word' id='word_1_504' title='bbox 1695 2925 1754 2960; x_wconf 90' lang='lat' dir='ltr'>les</span> 
     </span>
    </p>
   </div>
  </div>
 </body>
</html>
