2195 3345
434 255 494 300 86
704 270 747 300 L.
783 270 948 302 ANNAEI
983 271 1178 303 SENECAE
1210 273 1530 306 DIALOGORUM
1564 276 1657 307 LIB.
1694 276 1761 307 XII

430 387 547 430 nihil
589 387 794 444 amplius
838 388 1056 439 nudaret,
1098 401 1204 432 cum
1248 395 1536 446 poneretur:
1573 394 1764 436 unicum
1808 394 1895 437 tibi
1932 407 2070 438 orna-

430 462 646 502 mentum
669 459 983 516 pulcherrima
1009 463 1059 503 et
1078 460 1192 503 nulli
1210 460 1416 505 obnoxia
1441 464 1591 506 aetati
1618 464 1785 514 forma,
1803 465 2066 508 maximum

430 529 573 573 decus
600 530 702 572 uisa
746 533 820 573 est
848 530 1094 586 pudicitia.
1125 530 1233 574 Non
1275 536 1409 588 potes
1444 534 1606 591 itaque
1647 535 1708 578 ad
1752 536 2065 591 optinendum

428 601 639 644 dolorem
664 602 891 645 muliebre
918 615 1089 646 nomen
1116 604 1438 660 praetendere,
1459 619 1520 648 ex
1545 618 1637 662 quo
1666 609 1713 648 te
1732 606 1937 649 uirtutes
1954 610 2065 650 tuae

430 673 724 716 seduxerunt
751 688 762 724 ;
810 677 1001 717 tantum
1055 675 1197 718 debes
1243 688 1270 718 a
1319 676 1602 719 feminarum
1654 677 1857 720 lacrimis
1902 677 2064 721 abesse

429 747 664 799 quantum
712 744 858 787 uitiis.
892 744 962 788 Ne
1011 746 1213 789 feminae
1263 747 1453 803 quidem
1495 751 1541 790 te
1589 748 1747 791 sinent
1777 748 2068 792 intabescere

428 814 607 857 uolneri
633 818 733 865 tuo,
756 816 836 859 sed
867 817 940 859 uel
961 817 1041 873 pio
1064 818 1412 874 necessarioque
1435 831 1643 861 maerore
1672 820 1765 862 cito
1792 820 2069 863 defunctam

505 963 547 995 N.
570 964 605 995 C.
630 981 664 985 ——
690 964 781 995 XVI
800 964 832 996 4.
850 967 1114 1004 componeretur
1136 966 1167 996 A
1187 975 1196 1003 ;
1221 974 1299 996 cum
1319 966 1507 1005 poneretur
1530 966 1685 1005 Lipsius.
1715 985 1749 989 —
1785 967 1876 998 XVI
1894 967 1927 999 5.
1955 968 2068 999 leuior

429 1018 626 1048 necessario
647 1018 679 1048 A
699 1027 708 1055 ;
730 1018 786 1048 uel
807 1017 870 1058 pio
889 1019 1151 1059 necessarioque
1175 1019 1284 1051 Gertz
1304 1028 1312 1055 ;
1333 1019 1430 1050 licito
1449 1018 1522 1057 (uel
1541 1019 1670 1060 debito)
1689 1029 1730 1050 ac
1752 1029 1824 1051 nec.
1851 1020 2036 1053 Schultess
2057 1031 2066 1059 ;

428 1067 503 1099 leui
519 1076 576 1099 ore
593 1076 666 1100 nee.
688 1068 907 1108 Petschenig
926 1078 935 1107 ;
955 1069 1086 1100 leuiore
1104 1071 1134 1101 et
1152 1078 1225 1101 nec.
1248 1069 1347 1100 Ellis.

428 1201 543 1237 a-t-il
561 1201 802 1247 hendiadys
824 1212 832 1237 ε
853 1213 868 1236 «
888 1211 946 1236 un
964 1202 1077 1237 teint
1096 1202 1294 1237 artificiel
1318 1214 1344 1237 ».
1377 1222 1432 1226 —
1486 1202 1641 1237 Nihil...
1662 1203 1844 1238 nudaret
1862 1213 1870 1238 :
1888 1203 1919 1238 il
1936 1203 2065 1248 s’agit

429 1261 630 1297 d’etoffes
665 1261 717 1296 de
749 1261 837 1296 soie
870 1261 905 1296 si
937 1261 1095 1306 legeres
1130 1263 1173 1297 et
1206 1262 1241 1296 si
1274 1264 1600 1306 transparentes
1634 1262 1810 1307 qu’elles
1843 1262 2065 1298 laissaient

429 1321 649 1356 entrevoir
680 1330 726 1356 ce
757 1320 934 1366 qu’elles
966 1321 1165 1356 auraient
1197 1321 1255 1357 du
1286 1321 1453 1364 cacher‚
1486 1321 1538 1356 cf.
1576 1322 1638 1357 De
1671 1321 1773 1357 Ben.
1806 1321 1893 1357 VII
1924 1321 1964 1365 9,
1996 1322 2020 1358 5
2055 1333 2063 1357 :

430 1392 445 1414 α
466 1380 603 1416 Video
628 1380 783 1415 sericas
809 1382 967 1424 uestes,
993 1381 1027 1416 si
1052 1383 1196 1416 uestes
1220 1381 1445 1416 uocandae
1470 1383 1587 1424 sunt,
1615 1381 1659 1416 in
1683 1381 1836 1426 quibus
1860 1381 1971 1417 nihil
1993 1383 2065 1425 est,

428 1450 507 1485 quo
536 1440 702 1484 defendi
731 1442 804 1475 aut
833 1450 983 1485 corpus
1013 1442 1085 1475 out
1113 1440 1288 1486 denique
1317 1440 1451 1485 pudor
1480 1440 1612 1489 possit
1635 1451 1682 1483 »;
1713 1440 1766 1475 cf.
1798 1449 1950 1476 encore
1982 1440 2064 1486 Ep.

431 1499 506 1535 XC
528 1499 596 1542 20,
624 1501 685 1535 De
716 1500 831 1536 Rem.
871 1500 983 1535 Fort.
1021 1500 1128 1535 XVI
1163 1500 1202 1543 7,
1237 1502 1281 1535 et
1312 1509 1430 1544 voy.,
1459 1508 1532 1534 sur
1569 1509 1615 1534 ce
1647 1499 1917 1544 paragraphe
1951 1502 1994 1535 et
2027 1500 2065 1535 le

428 1559 676 1603 precedent,
711 1559 868 1595 Introd.
900 1568 972 1603 pp.
1000 1559 1300 1594 va-LXVI.
1331 1554 1388 1583 ‘—
1412 1559 1725 1594 Ornamentum
1755 1561 1820 1594 est
1845 1559 2068 1595 l'attribut

429 1618 481 1653 de
503 1619 654 1663 forma,
687 1619 809 1654 decus
843 1618 953 1654 celui
986 1619 1039 1654 de
1074 1619 1311 1664 pudicitia;
1347 1619 1475 1654 Gertz
1508 1620 1598 1653 met
1627 1628 1713 1653 une
1744 1619 1909 1664 virgule
1942 1619 2065 1664 apres

428 1680 732 1721 ornamentum,
771 1687 823 1713 en
860 1678 1139 1714 considerant
1175 1679 1478 1721 ornamentum,
1497 1678 1633 1722 formo
1655 1680 1697 1713 et
1734 1678 1856 1713 decus
1898 1687 2066 1714 comme

427 1738 486 1773 les
513 1738 724 1773 attributs
751 1737 805 1772 de
830 1737 1062 1783 pudicitia;
1087 1747 1187 1783 voy.
1215 1737 1256 1772 13
1283 1739 1385 1772 note
1412 1737 1464 1772 de
1490 1737 1531 1772 la
1557 1746 1598 1782 p.
1628 1737 1704 1772 161
1734 1737 1786 1772 de
1817 1745 1882 1773 ses
1913 1737 2066 1774 Studia

427 1797 585 1832 critica.
618 1797 674 1832 M.
709 1797 816 1832 Duff
847 1797 930 1832 cite
959 1797 1013 1832 ici
1043 1806 1102 1831 un
1129 1805 1224 1832 vers
1261 1796 1314 1832 de
1351 1796 1645 1841 Shakespeare
1682 1796 1910 1842 (Tempest,
1945 1796 2064 1840 1111,

429 1856 525 1902 53):
559 1857 669 1901 «My
699 1857 894 1901 modesty,
931 1856 993 1892 the
1023 1857 1137 1901 Jewel
1169 1856 1213 1891 in
1244 1866 1314 1901 my
1340 1856 1512 1899 dower»,
1542 1858 1585 1892 et
1617 1856 1799 1900 ceux-ci,
1827 1856 1880 1892 de
1911 1856 2064 1892 Plaute

428 1916 606 1961 (Amph.
631 1916 833 1961 839-840)
858 1926 867 1951 z
892 1928 907 1949 «
930 1916 1026 1951 Non
1050 1923 1127 1961 ego
1148 1916 1268 1951 illam
1291 1916 1397 1951 mihi
1422 1916 1568 1951 dotem
1592 1915 1702 1951 duco
1726 1925 1830 1959 esse,
1854 1925 1966 1961 quae
1988 1916 2064 1951 dos

428 1976 601 2019 dicitur,
624 1974 740 2021 [Sed
763 1975 1014 2021 pudicitiam
1039 1977 1074 2010 et
1097 1975 1310 2020 pudorem.
1335 1987 1350 2009 »

515 2036 553 2071 5.
585 2055 641 2059 —
698 2035 848 2081 Itaque
882 2046 890 2069 :
925 2035 977 2070 cf.
1017 2035 1059 2070 II
1090 2035 1129 2070 2.
1161 2055 1217 2059 ——-
1274 2035 1340 2070 Ad
1373 2035 1653 2080 optinendum
1685 2035 1874 2070 dolorem
1908 2045 1916 2070 :
1951 2034 2066 2070 deux

426 2095 700 2130 traductions
724 2095 931 2139 possibles
958 2105 966 2129 z
992 2104 1047 2129 ou
1073 2095 1170 2129 bien
1195 2107 1211 2128 «
1232 2103 1341 2139 pour
1363 2103 1605 2137 conserver,
1631 2094 1867 2129 entretenir
1888 2095 1937 2130 ta
1960 2094 2066 2130 dou-

427 2155 519 2190 leur
542 2165 570 2198 »,
600 2164 655 2189 ou
684 2154 783 2189 bien
812 2165 827 2188 <‹
848 2163 957 2198 pour
984 2154 1178 2189 soutenir
1204 2154 1247 2189 la
1273 2154 1501 2199 legitimite'
1530 2153 1582 2188 de
1610 2155 1725 2189 cette
1753 2153 1934 2188 douleur
1956 2165 1983 2189 ».
2012 2174 2067 2178 —

430 2215 651 2258 Quantum
678 2213 794 2248 uitiis
823 2224 832 2248 :
861 2214 1026 2249 devant
1056 2213 1176 2249 uitiis
1203 2213 1245 2248 13
1272 2213 1391 2257 prep.
1416 2224 1441 2248 α
1467 2213 1579 2248 n’est
1606 2221 1683 2257 pas
1711 2213 1897 2257 repetee,
1925 2213 1979 2248 cf.
2004 2214 2066 2249 De

431 2273 534 2310 Ben.
562 2273 579 2308 I
601 2273 667 2316 11,
690 2274 714 2308 4
737 2284 744 2308 :
769 2284 783 2306 «
805 2273 864 2308 Vt
885 2273 938 2308 ab
958 2273 1039 2308 illis
1062 2282 1194 2318 quam
1218 2273 1308 2308 uita
1327 2274 1394 2318 (=
1420 2282 1445 2307 a
1465 2272 1577 2317 uita)
1598 2272 1743 2307 diuelli
1764 2272 1936 2317 grauius
1957 2272 2067 2308 exis-

426 2333 568 2368 timet.
588 2344 603 2366 »
620 2333 698 2368 Les
717 2333 948 2378 classiques
967 2333 1266 2377 pratiquaient
1283 2335 1400 2368 cette
1417 2332 1693 2376 suppression
1710 2333 1884 2367 surtout
1902 2331 2065 2367 devant

427 2401 487 2426 un
510 2392 670 2435 relatis,
695 2392 749 2427 cf.
776 2392 901 2428 Corn.
929 2392 1037 2436 Nep.
1067 2392 1173 2428 Cim.
1195 2392 1263 2427 III
1287 2393 1328 2427 1:
1356 2403 1371 2426 «
1397 2391 1554 2427 Incidit
1577 2391 1621 2426 in
1647 2391 1830 2426 eandem
1852 2390 2064 2426 inuidiam

429 2461 554 2497 quam
577 2454 747 2496 pater»,
763 2461 819 2486 ou
842 2452 950 2486 dans
974 2461 1058 2486 une
1081 2451 1396 2496 interrogation
1422 2462 1430 2486 z
1457 2463 1471 2485 «
1493 2451 1535 2486 Si
1558 2460 1632 2496 per
1654 2450 1759 2485 alios
1783 2450 1934 2486 fecisse
1952 2449 2062 2495 (s.-e.

429 2511 589 2556 ipsum)
626 2511 746 2554 dicis,
784 2520 944 2556 quaero
979 2506 1177 2547 seruosne
1214 2520 1268 2545 an
1305 2511 1509 2546 liberos.»
1544 2510 1647 2555 (Cic.
1687 2510 1769 2545 Pro
1807 2510 1926 2546 Rosa
1967 2510 2063 2545 Am.

429 2570 608 2606 XXVII
638 2571 723 2615 74.)
753 2591 809 2595 —-
866 2571 1135 2606 Intahescere
1163 2571 1329 2606 uolneri
1359 2581 1366 2605 :
1398 2570 1592 2615 seneque
1621 2569 1803 2614 emploie
1829 2569 2066 2604 volontiers

428 2639 534 2665 avec
550 2630 589 2665 le
608 2630 698 2665 dat.
720 2630 779 2665 les
798 2630 950 2665 verbes
968 2630 1231 2665 intransitifs
1250 2630 1472 2674 composes
1492 2629 1545 2664 de
1565 2630 1624 2672 in,
1643 2629 1696 2664 cf.
1718 2640 1733 2663 «
1758 2628 2066 2664 Inmorientem

426 2689 666 2725 rationibus
690 2701 704 2723 »
727 2689 811 2733 (De
838 2689 909 2724 Br.
946 2690 1026 2725 Vit.
1053 2689 1142 2724 XX
1166 2689 1209 2734 2)
1233 2700 1243 2733 3
1269 2700 1283 2723 «
1304 2689 1582 2724 Armorum...
1608 2688 1760 2734 quibus
1781 2688 2068 2723 innascuntur

428 2749 819 2794 innutriunturque
843 2760 858 2783 »
885 2749 970 2793 (De
999 2749 1072 2784 Ira
1103 2749 1120 2784 I
1149 2749 1216 2792 11,
1245 2748 1289 2793 3)
1313 2759 1322 2792 ;
1352 2760 1367 2782 <‹
1393 2749 1574 2783 Innatus
1602 2747 1808 2793 sanyuini
1830 2758 1845 2781 »
1871 2746 1993 2792 (ibid.
2026 2746 2068 2781 II

431 2808 469 2852 5,
493 2808 550 2853 4).
583 2828 639 2833 —
696 2808 958 2844 Defunctam
982 2819 990 2843 :
1015 2808 1190 2853 defungi
1222 2824 1261 2837 =
1290 2818 1305 2841 «
1326 2807 1582 2853 s'acquitter
1605 2807 1672 2850 de,
1696 2817 1748 2842 en
1771 2806 1872 2842 finir
1894 2815 2000 2842 avec
2022 2817 2037 2839 »
2058 2816 2067 2841 :

431 2879 446 2901 «
468 2867 557 2903 The
581 2867 686 2903 verb
709 2867 744 2902 is
766 2867 967 2904 followed
983 2867 1041 2913 by
1057 2876 1111 2902 an
1129 2867 1321 2903 ablative
1337 2867 1409 2912 (ici
1423 2866 1622 2911 maerore)
1637 2865 1886 2911 expressing
1898 2865 1974 2902 the
1992 2865 2070 2900 cir-

432 2930 685 2963 cumstance
706 2936 753 2963 or
775 2927 934 2970 action,
957 2927 1112 2970 which,
1129 2926 1252 2964 when
1268 2927 1303 2962 it
1323 2926 1358 2962 is
1374 2935 1490 2969 over,
1512 2926 1689 2961 relieves
1709 2925 1785 2961 the
1806 2926 1936 2970 agent
1956 2918 2068 2959 'from

427 2986 598 3022 further
619 2986 805 3023 trouble.
832 2997 845 3021 »
868 2986 1027 3032 (Duff).
1055 2986 1116 3022 Cf.
1147 2987 1208 3022 De
1235 2986 1307 3021 Ira
1334 2986 1376 3021 II
1402 2986 1468 3029 14,
1493 2986 1516 3020 4
1543 2996 1551 3020 :
1578 2997 1592 3019 (ι
1617 2985 1698 3030 Qui
1721 2984 1869 3030 primis
1893 2983 2068 3029 desunqi
