2195 3345
449 267 506 312 64
748 282 791 313 L.
828 282 991 314 ANNAEr
1025 283 1219 315 SENECAE
1252 284 1571 317 DIALOGORUM
1598 285 1693 318 Lm.
1722 286 1792 317 ΧΠ

449 398 535 441 dat
560 402 611 441 et
636 399 808 442 fruitur
838 414 848 442 :
876 399 1074 456 pecunia
1101 400 1162 443 ad
1189 400 1400 444 animum
1428 401 1545 444 nihil
1572 402 1792 458 pertinet,
1821 416 1914 446 non
1941 405 2092 462 magis

384 476 408 508 ·.
450 482 593 525 quam
621 470 680 512 ad
710 470 821 512 deos
848 470 1145 514 immortalis.
1174 471 1345 515 Omnia
1372 472 1479 522 ista,
1510 485 1630 528 quae
1658 472 1876 530 imperita
1905 474 2092 532 ingenia

448 544 499 583 ct
531 540 669 584 nimis
702 541 976 597 corporibus
1009 542 1105 584 suis
1137 542 1326 586 addicta
1364 544 1642 600 suspiciunt,
1678 544 1872 601 lapides,
1907 558 2091 597 aurum,

446 615 695 667 argentum
728 615 779 654 et
809 612 968 669 magni
1001 613 1240 669 leuatique
1273 627 1541 657 mensarum
1575 615 1726 665 orbeS‚
1761 619 1946 660 terrena
1979 621 2094 661 sunt

447 683 670 738 pondera,
704 696 823 739 quae
854 696 949 726 non
979 687 1140 740 potest
1167 697 1325 727 amare
1356 685 1563 728 sincerus
1592 686 1779 729 animus
1808 700 1864 731 ac
1893 691 2092 732 naturae

446 766 557 796 suae
591 767 784 804 memor,
821 755 909 798 luis
942 755 1039 811 ipse
1072 768 1238 812 expers
1271 759 1335 805 ct,
1372 756 1655 813 quandoque
1694 758 1892 802 emissus
1932 759 2091 809 fuerit,

446 825 506 867 ad
528 838 714 868 summa
733 826 1022 870 emicaturus
1047 841 1057 877 ;
1079 827 1282 876 interim,
1308 830 1541 882 quantum
1568 841 1650 884 per
1670 842 1826 872 moras
1859 830 2094 874 membro-

446 909 551 938 rum
587 900 636 939 et
674 897 797 940 hanc
834 898 1166 941 circumfusam
1203 909 1394 953 grauem
1434 899 1666 942 sarcinam
1705 900 1828 949 licet,
1869 901 2003 944 celeri
2043 905 2094 944 et

524 1025 565 1057 N.
587 1026 623 1057 C.
647 1043 682 1048 —-
708 1026 765 1057 XI
782 1026 815 1057 6.
843 1027 934 1058 leuis
958 1028 1017 1065 A;
1043 1028 1114 1059 luis
1141 1028 1217 1067 ipse
1241 1036 1363 1068 expers
1387 1030 1418 1059 et
1443 1027 1532 1059 Ellis
1553 1037 1561 1065 ;
1601 1028 1711 1067 faecis
1735 1028 1843 1069 scrip.
1870 1028 1983 1061 Gertz
2005 1029 2087 1061 coll.

449 1080 508 1110 Ad
529 1079 644 1111 Marc.
668 1080 806 1111 XXIII
826 1081 842 1111 1
865 1090 873 1118 ;
893 1080 946 1112 De
968 1081 1053 1112 Ben.
1077 1081 1150 1112 V11
1170 1081 1203 1117 9,
1229 1082 1243 1112 1
1266 1091 1275 1119 ;
1296 1081 1366 1121 Ερ.
1390 1081 1532 1112 LXXV
1554 1081 1597 1112 18
1618 1091 1626 1119 ;
1648 1082 1765 1113 oneris
1786 1082 1880 1114 coni.
1904 1081 2055 1123 Madvig
2075 1092 2083 1120 ;

448 1133 541 1164 labis
562 1133 669 1164 Koch
688 1143 697 1171 ;
718 1134 808 1165 leuis
830 1134 906 1174 ipse
925 1136 955 1165 et
972 1135 1102 1175 pernix
1121 1136 1151 1165 cl
1171 1134 1358 1166 Schultess
1378 1143 1386 1172 ;
1407 1135 1497 1165 leuis
1520 1134 1596 1174 ipse
1615 1143 1738 1174 expers
1756 1135 1914 1175 corporis
1933 1135 2024 1175 (om.
2045 1136 2092 1175 el)

450 1186 612 1217 Goerenz
631 1196 640 1224 ;
661 1187 751 1218 leuis
773 1187 860 1227 ipse,
881 1188 1064 1228 expeditus
1085 1189 1114 1219 et
1134 1187 1262 1218 Triller
1282 1190 1320 1219 et
1341 1187 1507 1219 Hermes.

447 1300 535 1335 suis
565 1311 574 1335 ε
604 1300 663 1336 163
693 1301 812 1336 biens
843 1301 916 1346 qui
945 1301 1150 1337 meritent
1179 1302 1397 1338 vraiment
1427 1302 1564 1337 d’etre
1594 1302 1768 1347 appeles
1799 1302 1893 1337 «les
1923 1302 2034 1338 siens
2060 1315 2088 1345 »,

448 1369 548 1405 voy.
585 1360 627 1395 la
662 1363 764 1396 note
800 1361 1070 1405 precedente.
1103 1381 1158 1385 —-
1216 1361 1281 1397 Ad
1323 1362 1519 1397 animum
1555 1362 1661 1397 nihil
1696 1361 1879 1406 pertinet
1916 1372 1924 1397 :
1962 1370 2089 1406 parce

449 1419 603 1464 qu'elle
625 1422 689 1455 est
709 1421 848 1464 parmi
867 1421 926 1455 les
947 1424 1122 1467 ἀδιάφορα.
1145 1421 1254 1466 Voy.
1280 1421 1436 1456 Introd.
1459 1430 1500 1465 p.
1525 1420 1691 1456 XLIII.

531 1479 570 1514 6.
603 1500 657 1503 -
714 1480 915 1525 Imperita
936 1480 1107 1526 ingenia
1130 1491 1138 1515 :
1160 1480 1219 1515 les
1243 1491 1257 1514 «
1278 1481 1403 1516 stulti
1428 1492 1442 1514 ›>
1463 1479 1811 1526 par'opposition
1834 1490 1889 1516 au
1910 1488 2012 1526 sage
2033 1489 2088 1516 ou

449 1539 588 1573 meme
619 1548 673 1573 au
705 1539 1021 1583 «proficiens».
1053 1540 1162 1585 Voy.
1194 1540 1253 1575 les
1285 1542 1407 1575 notes
1439 1549 1511 1575 sur
1544 1541 1588 1576 in
1622 1541 1813 1576 uz’cinum
1841 1540 1914 1576 deo
1943 1540 2000 1585 (V
2028 1540 2088 1585 2),

448 1598 636 1633 nondum
655 1599 824 1634 ualidus
842 1597 1000 1644 (ibid),
1018 1599 1294 1645 opinionibus
1312 1599 1394 1644 (IV
1412 1599 1468 1644 3).
1503 1621 1557 1624 ——
1616 1599 1765 1635 Leuati
1784 1610 1792 1634 :
1813 1599 1865 1635 (16
1883 1599 2059 1635 «leuare
2078 1611 2093 1634 t

459 1674 498 1686 z
518 1668 534 1691 «
554 1658 663 1702 polir
686 1669 713 1693 ›>,
745 1679 801 1683 —
858 1658 1079 1703 Lapides...
1095 1663 1323 1704 argentum
1341 1669 1348 1693 :
1367 1658 1419 1694 cf.
1448 1661 1466 1703 §
1483 1659 1507 1694 3
1524 1662 1567 1695 et
1583 1659 1641 1694 les
1657 1661 1795 1694 notes.
1827 1679 1882 1683 ——
1923 1659 2063 1709 ‘orbes
2081 1670 2090 1694 :

449 1717 607 1760 petites
631 1718 770 1753 tables
795 1718 951 1753 rondes
976 1718 1123 1763 (orbis)
1149 1728 1200 1753 en
1227 1718 1317 1753 bois
1343 1719 1468 1754 veine¹
1491 1719 1579 1754 tres
1605 1719 1821 1764 precieux‚
1846 1718 1900 1754 cf.
1931 1719 1993 1754 De
2017 1718 2092 1754 Ira

455 1776 521 1811 III
554 1777 622 1820 35,
657 1778 712 1813 5:
749 1778 1024 1813 «Mensam...
1060 1778 1216 1813 crebris
1252 1778 1509 1814 distinctam
1545 1779 1718 1822 uenis»,
1753 1780 1796 1814 et
1834 1779 1895 1814 De
1936 1778 2088 1824 Tranq.

455 1836 537 1871 An.
568 1837 585 1871 Ι
610 1837 632 1872 7
659 1847 667 1872 z
694 1849 709 1871 «
731 1837 923 1873 Mensa...
951 1837 1148 1873 uarietate
1172 1838 1435 1873 macularum
1458 1838 1705 1882 conspicua.
1729 1849 1744 1871 ›>
1769 1837 1949 1882 D'apres
1976 1837 2091 1873 Dion

452 1895 622 1931 Cassius
639 1896 763 1941 (LXI
781 1897 846 1940 10,
864 1897 921 1942 3),
941 1897 1133 1942 Seneque
1151 1897 1372 1941 possedait
1390 1898 1491 1943 cinq
1508 1900 1628 1933 cents
1645 1897 1786 1933 tables
1804 1897 1857 1932 de
1873 1906 1920 1932 66
1936 1904 2064 1942 genre
2083 1897 2092 1932 1

450 1975 505 1980 ——
561 1956 745 1992 Terrena
768 1967 775 1991 :
798 1957 997 2001 s'oppose
1019 1957 1042 1992 a
1062 1967 1228 1992 summu
1248 1959 1292 1992 et
1313 1957 1337 1992 a
1359 1957 1513 1992 diuina
1533 1957 1647 2002 (plus
1670 1957 1780 2002 bas),
1802 1956 1856 1992 cf.
1883 1956 1948 1991 IX
1967 1956 2006 1992 2.
2039 1976 2095 1980 --

448 2015 635 2051 Naturae
652 2025 754 2051 suae
776 2026 784 2051 :
805 2017 879 2061 qui
900 2019 965 2051 est
984 2016 1143 2059 divine,
1165 2016 1217 2051 cf.
1239 2017 1301 2051 VI
1322 2017 1358 2052 7.
1376 2037 1431 2041 —-—
1480 2017 1579 2052 Luis
1601 2027 1609 2052 :
1629 2026 1729 2062 voy.
1749 2017 1796 2051 N.
1821 2016 1861 2052 C.
1881 2015 2092 2060 J'adopte

450 2076 491 2110 13
507 2075 745 2111 correction
758 2075 924 2118 d'EIlis,
938 2076 1011 2121 qui
1026 2076 1229 2121 s'e'loigne
1244 2076 1282 2111 16
1299 2077 1437 2111 moins
1453 2076 1504 2112 de
1520 2076 1700 2121 13166011
1713 2076 1771 2111 du
1786 2075 2025 2111 manuscrit
2041 2075 2092 2110 A.

450 2155 504 2159 ——
563 2135 826 2181 Quandoque
852 2152 890 2164 z
913 2136 1251 2181 quandocumque
1270 2146 1278 2171 ε
1299 2147 1314 2169 «
1334 2138 1483 2172 toutes
1502 2136 1561 2171 les
1580 2135 1660 2171 fois
1680 2145 1763 2181 que
1786 2146 1814 2178 ›>,
1833 2144 1903 2178 ou,
1922 2143 2093 2170 comme

450 2195 518 2237 ici,
551 2195 775 2239 «lorsque,
811 2195 835 2230 3
869 2195 1055 2240 quelque
1084 2197 1280 2230 moment
1314 2204 1397 2240 que
1431 2205 1478 2231 66
1510 2196 1632 2231 soit»
1665 2194 1736 2240 (en
1767 2202 1865 2239 grec
1891 2198 2017 2230 ὁπόταν
2049 2197 2086 2234 -Ι-

451 2254 598 2299 subj.).
635 2254 758 2289 Cette
793 2255 1072 2299 conjonction
1104 2255 1358 2298 temporelle
1392 2264 1436 2290 se
1469 2256 1698 2290 rencontre
1733 2253 1832 2298 (16]’3
1867 2253 1969 2289 chez
2003 2253 2090 2289 Cic.

456 2315 518 2349 De
547 2314 648 2358 Rep.
677 2314 738 2349 VI
765 2314 831 2356 22,
859 2314 911 2349 24
940 2325 948 2349 ε
977 2325 991 2347 «
1015 2314 1311 2359 Quandoque...
1340 2314 1447 2349 sol...
1475 2315 1636 2350 iterum
1663 2313 1882 2349 defecerit.
1907 2324 1923 2347 »
1949 2312 2093 2357 Quan-

451 2374 579 2419 doque
605 2376 711 2417 peut
739 2383 890 2409 encore
917 2374 1007 2408 etre
1035 2383 1090 2408 ou
1118 2374 1215 2408 bien
1243 2383 1328 2409 une
1355 2374 1468 2419 conj.
1497 2373 1669 2408 causale
1696 2373 1922 2418 signifiant
1951 2382 1961 2407 :
1991 2382 2008 2406 α
2027 2370 2086 2406 du

452 2435 647 2468 moment
685 2442 781 2478 que,
818 2433 1001 2478 puisque
1025 2444 1052 2476 ›>,
1090 2435 1264 2469 surtout
1301 2433 1408 2468 dans
1447 2433 1505 2468 les
1542 2433 1747 2468 formules
1785 2432 1838 2467 de
1873 2431 1932 2467 loi
1967 2431 2086 2477 (voy.

453 2492 683 2535 Riemann,
705 2492 821 2537 Synt.
841 2493 908 2527 lui.
928 2502 968 2536 p.
987 2492 1082 2536 324,
1100 2501 1142 2527 n.
1160 2493 1218 2537 2),
1236 2502 1290 2527 ou
1309 2493 1407 2528 bien
1423 2502 1482 2527 un
1499 2492 1598 2528 adv.
1616 2491 1749 2527 indef.
1776 2508 1815 2520 =
1836 2489 2062 2536 aliquando
2080 2499 2093 2524 :

453 2563 468 2585 «
489 2561 547 2586 un
572 2551 684 2596 jour,
710 2561 794 2586 une
820 2552 900 2586 fois
928 2552 1053 2596 (dans
1080 2552 1280 2597 l'avenir)
1305 2564 1332 2587 ›>,
1365 2573 1421 2576 —
1481 2551 1673 2587 Emissus
1699 2551 1828 2586 fuerit
1855 2561 1864 2586 ε
1893 2549 1946 2585 cf.
1973 2559 2090 2585 cons-

452 2613 568 2656 pecta
585 2611 712 2656 suerit
730 2611 816 2656 (IX
835 2611 891 2655 3).
919 2611 950 2645 Il
970 2611 1098 2656 s'agit
1116 2612 1170 2646 ici
1190 2612 1242 2647 de
1261 2612 1303 2646 13
1322 2614 1451 2655 mort,
1471 2620 1571 2657 voy.
1593 2611 1635 2645 13
1654 2613 1757 2646 note
1775 2618 1848 2645 sur
1866 2618 1991 2655 quam
2009 2608 2087 2644 diu

452 2671 715 2706 manebimus
746 2671 875 2715 (VIII
907 2671 962 2714 4).
995 2691 1050 2695 —
1106 2672 1172 2706 Ad
1201 2681 1372 2707 summa
1402 2671 1664 2706 emicaturus
1697 2680 1706 2705 :
1737 2679 1796 2705 vu
1825 2678 1874 2704 sa
1901 2667 2089 2713 legerete

452 2731 504 2766 de
527 2731 661 2766 fluide
683 2731 794 2775 igne.
821 2731 901 2766 Sur
923 2731 966 2766 13
989 2731 1125 2766 forme
1149 2741 1200 2766 en
1227 2741 1343 2774 urus,
1368 2740 1468 2777 voy.
1493 2730 1535 2765 la
1559 2732 1662 2766 note
1686 2739 1758 2764 sur
1781 2728 2092 2764 desideraturus

452 2791 498 2835 (ξ
523 2790 578 2835 1).
604 2810 659 2814 —
720 2791 914 2826 Emit-are
948 2808 985 2820 z
1016 2802 1031 2824 «
1051 2791 1258 2826 s'elancer
1280 2802 1309 2834 ›>,
1352 2790 1404 2825 de
1428 2790 1581 2825 micare
1631 2806 1670 2819 z
1721 2800 1736 2823 «
1756 2788 1931 2834 s'agiter
1972 2787 2096 2823 vive-

452 2852 573 2885 ment
596 2860 638 2893 ›>;
677 2849 731 2885 cf.
772 2850 970 2886 dimicare
1019 2867 1057 2879 z
1102 2861 1117 2883 «
1138 2850 1389 2893 s’escrimer,
1427 2850 1673 2885 combattre
1697 2860 1724 2884 ».
1767 2849 1836 2884 Du
1871 2854 1967 2883 sens
2006 2846 2096 2891 pri-

452 2909 568 2945 mitis
590 2920 598 2944 :
622 2921 637 2943 «
658 2910 833 2954 s’agiter
856 2922 884 2952 ›>,
907 2910 1058 2945 micare
1080 2919 1104 2944 a
1124 2910 1249 2954 passe
1271 2910 1295 2945 a
1317 2909 1425 2944 celui
1447 2909 1498 2944 de
1521 2920 1536 2942 «
1559 2909 1702 2944 briller
1724 2919 1739 2942 »
1761 2918 1772 2951 ;
1793 2906 1896 2942 d’oi‘l
1915 2905 2096 2942 emicare

462 2986 500 2998 z
532 2980 547 3003 «
568 2970 696 3004 sortir
721 2969 897 3005 brillant
921 2981 947 3004 ›>,
980 2989 1035 2994 —
1094 2969 1317 3005 Sar-cinam
1345 2980 1352 3004 :
1379 2969 1417 3004 le
1443 2977 1580 3013 corps.
1609 2968 1718 3013 Voy.
1746 2967 1841 3011 plus
1869 2965 1945 3001 bas
1971 2964 2019 3010 (ξ
2046 2963 2094 3009 7)

455 3029 747 3074 corpusculum
770 3031 812 3064 et
835 3029 876 3063 la
900 3031 1014 3064 note.
