<?xml version="1.0" encoding="UTF-8"?>
<!DOCTYPE html PUBLIC "-//W3C//DTD XHTML 1.0 Transitional//EN"
    "http://www.w3.org/TR/xhtml1/DTD/xhtml1-transitional.dtd">
<html xmlns="http://www.w3.org/1999/xhtml" xml:lang="en" lang="en">
 <head>
  <title>
</title>
<meta http-equiv="Content-Type" content="text/html;charset=utf-8" />
  <meta name='ocr-system' content='tesseract 3.04.00' />
  <meta name='ocr-capabilities' content='ocr_page ocr_carea ocr_par ocr_line ocrx_word'/>
</head>
<body>
  <div class='ocr_page' id='page_1' title='image "./dialogorumlibrix00seneuoft_0120.png"; bbox 0 0 2195 3345; ppageno 0'>
   <div class='ocr_carea' id='block_1_1' title="bbox 441 209 1786 255">
    <p class='ocr_par' dir='ltr' id='par_1_1' title="bbox 441 209 1786 255">
     <span class='ocr_line' id='line_1_1' title="bbox 441 209 1786 255; baseline -0.005 0"><span class='ocrx_word' id='word_1_1' title='bbox 441 209 500 255; x_wconf 78' lang='grc'><strong>36</strong></span> <span class='ocrx_word' id='word_1_2' title='bbox 741 219 784 251; x_wconf 90' lang='lat' dir='ltr'><strong>L.</strong></span> <span class='ocrx_word' id='word_1_3' title='bbox 820 217 985 250; x_wconf 87' lang='lat' dir='ltr'>ANNAEI</span> <span class='ocrx_word' id='word_1_4' title='bbox 1018 216 1213 248; x_wconf 84' lang='lat' dir='ltr'>SENECAE</span> <span class='ocrx_word' id='word_1_5' title='bbox 1244 216 1565 249; x_wconf 87' lang='lat' dir='ltr'>DIALOGORUM</span> <span class='ocrx_word' id='word_1_6' title='bbox 1592 216 1687 248; x_wconf 92' lang='lat' dir='ltr'>LIB.</span> <span class='ocrx_word' id='word_1_7' title='bbox 1717 216 1786 248; x_wconf 90' lang='lat' dir='ltr'><strong>XII</strong></span> 
     </span>
    </p>
   </div>
   <div class='ocr_carea' id='block_1_2' title="bbox 435 332 2085 675">
    <p class='ocr_par' dir='ltr' id='par_1_2' title="bbox 435 332 2085 675">
     <span class='ocr_line' id='line_1_2' title="bbox 437 332 2083 395; baseline -0.005 -13"><span class='ocrx_word' id='word_1_8' title='bbox 437 342 514 382; x_wconf 88' lang='lat' dir='ltr'><strong>est</strong></span> <span class='ocrx_word' id='word_1_9' title='bbox 538 341 708 395; x_wconf 90' lang='lat' dir='ltr'><strong>potens</strong></span> <span class='ocrx_word' id='word_1_10' title='bbox 734 336 962 384; x_wconf 89' lang='lat' dir='ltr'><strong>omnium,</strong></span> <span class='ocrx_word' id='word_1_11' title='bbox 992 334 1089 377; x_wconf 89' lang='lat' dir='ltr'><strong>siue</strong></span> <span class='ocrx_word' id='word_1_12' title='bbox 1117 333 1423 391; x_wconf 88' lang='lat' dir='ltr'><strong>incorporalis</strong></span> <span class='ocrx_word' id='word_1_13' title='bbox 1449 333 1570 377; x_wconf 86' lang='lat' dir='ltr'><strong>ratio</strong></span> <span class='ocrx_word' id='word_1_14' title='bbox 1598 332 1861 389; x_wconf 87' lang='lat' dir='ltr'><strong>ingentium</strong></span> <span class='ocrx_word' id='word_1_15' title='bbox 1887 343 2083 389; x_wconf 87' lang='lat' dir='ltr'><strong>operum</strong></span> 
     </span>
     <span class='ocr_line' id='line_1_3' title="bbox 436 403 2080 461; baseline -0.005 -8"><span class='ocrx_word' id='word_1_16' title='bbox 436 409 628 458; x_wconf 82' lang='lat' dir='ltr'><strong>artifex,</strong></span> <span class='ocrx_word' id='word_1_17' title='bbox 659 408 757 451; x_wconf 88' lang='lat' dir='ltr'><strong>siuc</strong></span> <span class='ocrx_word' id='word_1_18' title='bbox 787 406 977 449; x_wconf 91' lang='lat' dir='ltr'><strong>diuinus</strong></span> <span class='ocrx_word' id='word_1_19' title='bbox 1007 405 1201 461; x_wconf 88' lang='lat' dir='ltr'><strong>spiritus</strong></span> <span class='ocrx_word' id='word_1_20' title='bbox 1231 418 1313 461; x_wconf 90' lang='lat' dir='ltr'><strong>per</strong></span> <span class='ocrx_word' id='word_1_21' title='bbox 1341 405 1516 455; x_wconf 90' lang='lat' dir='ltr'><strong>omnia,</strong></span> <span class='ocrx_word' id='word_1_22' title='bbox 1547 403 1756 447; x_wconf 81' lang='lat' dir='ltr'><strong>maxima</strong></span> <span class='ocrx_word' id='word_1_23' title='bbox 1785 415 1842 446; x_wconf 90' lang='lat' dir='ltr'><strong>ac</strong></span> <span class='ocrx_word' id='word_1_24' title='bbox 1870 403 2080 452; x_wconf 90' lang='lat' dir='ltr'><strong>minima,</strong></span> 
     </span>
     <span class='ocr_line' id='line_1_4' title="bbox 436 474 2085 538; baseline -0.005 -13"><span class='ocrx_word' id='word_1_25' title='bbox 436 480 625 538; x_wconf 88' lang='lat' dir='ltr'><strong>aequali</strong></span> <span class='ocrx_word' id='word_1_26' title='bbox 653 477 917 522; x_wconf 85' lang='lat' dir='ltr'><strong>intentione</strong></span> <span class='ocrx_word' id='word_1_27' title='bbox 947 476 1162 526; x_wconf 80' lang='lat' dir='ltr'><strong>diffusus,</strong></span> <span class='ocrx_word' id='word_1_28' title='bbox 1193 476 1291 519; x_wconf 85' lang='lat' dir='ltr'><strong>siue</strong></span> <span class='ocrx_word' id='word_1_29' title='bbox 1320 477 1476 519; x_wconf 83' lang='lat' dir='ltr'><strong>fatum</strong></span> <span class='ocrx_word' id='word_1_30' title='bbox 1505 479 1555 519; x_wconf 89' lang='lat' dir='ltr'><strong>et</strong></span> <span class='ocrx_word' id='word_1_31' title='bbox 1582 474 1893 518; x_wconf 86' lang='lat' dir='ltr'><strong>immutabilis</strong></span> <span class='ocrx_word' id='word_1_32' title='bbox 1920 484 2085 517; x_wconf 86' lang='lat' dir='ltr'><strong>causa-</strong></span> 
     </span>
     <span class='ocr_line' id='line_1_5' title="bbox 437 546 2083 603; baseline -0.005 -8"><span class='ocrx_word' id='word_1_33' title='bbox 437 565 542 595; x_wconf 90' lang='lat' dir='ltr'><strong>rum</strong></span> <span class='ocrx_word' id='word_1_34' title='bbox 571 551 694 594; x_wconf 88' lang='lat' dir='ltr'><strong>inter</strong></span> <span class='ocrx_word' id='word_1_35' title='bbox 722 563 768 592; x_wconf 91' lang='lat' dir='ltr'><strong>se</strong></span> <span class='ocrx_word' id='word_1_36' title='bbox 798 546 1151 591; x_wconf 87' lang='lat' dir='ltr'><strong>cohaerentium</strong></span> <span class='ocrx_word' id='word_1_37' title='bbox 1180 547 1320 590; x_wconf 87' lang='lat' dir='ltr'><strong>series</strong></span> <span class='ocrx_word' id='word_1_38' title='bbox 1351 562 1360 590; x_wconf 94' lang='lat'>:</span> <span class='ocrx_word' id='word_1_39' title='bbox 1389 547 1452 598; x_wconf 85' lang='lat' dir='ltr'><strong>id,</strong></span> <span class='ocrx_word' id='word_1_40' title='bbox 1482 547 1693 603; x_wconf 88' lang='lat' dir='ltr'><strong>inquam,</strong></span> <span class='ocrx_word' id='word_1_41' title='bbox 1721 549 1883 589; x_wconf 87' lang='lat' dir='ltr'><strong>actum</strong></span> <span class='ocrx_word' id='word_1_42' title='bbox 1909 548 1997 595; x_wconf 87' lang='lat' dir='ltr'><strong>est,</strong></span> <span class='ocrx_word' id='word_1_43' title='bbox 2024 546 2083 587; x_wconf 91' lang='lat' dir='ltr'><strong>ut</strong></span> 
     </span>
     <span class='ocr_line' id='line_1_6' title="bbox 435 616 2080 675; baseline -0.005 -9"><span class='ocrx_word' id='word_1_44' title='bbox 435 623 485 666; x_wconf 90' lang='lat' dir='ltr'><strong>in</strong></span> <span class='ocrx_word' id='word_1_45' title='bbox 524 622 732 666; x_wconf 88' lang='lat' dir='ltr'><strong>alienum</strong></span> <span class='ocrx_word' id='word_1_46' title='bbox 772 618 1023 662; x_wconf 80' lang='lat' dir='ltr'>arbitrium</span> <span class='ocrx_word' id='word_1_47' title='bbox 1064 617 1153 661; x_wconf 90' lang='lat' dir='ltr'><strong>nisi</strong></span> <span class='ocrx_word' id='word_1_48' title='bbox 1192 618 1419 662; x_wconf 86' lang='lat' dir='ltr'><strong>uilissima</strong></span> <span class='ocrx_word' id='word_1_49' title='bbox 1452 631 1666 675; x_wconf 86' lang='lat' dir='ltr'><strong>quaeque</strong></span> <span class='ocrx_word' id='word_1_50' title='bbox 1707 629 1801 659; x_wconf 92' lang='lat' dir='ltr'><strong>non</strong></span> <span class='ocrx_word' id='word_1_51' title='bbox 1841 616 2080 660; x_wconf 76' lang='lat' dir='ltr'><strong>caderent.</strong></span> 
     </span>
    </p>
   </div>
   <div class='ocr_carea' id='block_1_3' title="bbox 514 764 1616 804">
    <p class='ocr_par' dir='ltr' id='par_1_3' title="bbox 514 764 1616 804">
     <span class='ocr_line' id='line_1_7' title="bbox 514 764 1616 804; baseline -0.004 -4"><span class='ocrx_word' id='word_1_52' title='bbox 514 768 555 801; x_wconf 90' lang='lat' dir='ltr'><strong>N.</strong></span> <span class='ocrx_word' id='word_1_53' title='bbox 577 768 613 800; x_wconf 85' lang='lat' dir='ltr'>C.</span> <span class='ocrx_word' id='word_1_54' title='bbox 637 785 673 790; x_wconf 97' lang='lat'><strong>—</strong></span> <span class='ocrx_word' id='word_1_55' title='bbox 697 767 793 799; x_wconf 94' lang='lat' dir='ltr'>VIII</span> <span class='ocrx_word' id='word_1_56' title='bbox 809 766 843 799; x_wconf 88' lang='grc'><strong>3.</strong></span> <span class='ocrx_word' id='word_1_57' title='bbox 870 768 901 798; x_wconf 86' lang='lat' dir='ltr'><strong>et</strong></span> <span class='ocrx_word' id='word_1_58' title='bbox 928 765 1114 798; x_wconf 78' lang='lat' dir='ltr'><strong>mutabilis</strong></span> <span class='ocrx_word' id='word_1_59' title='bbox 1141 766 1202 804; x_wconf 87' lang='lat' dir='ltr'><strong>A;</strong></span> <span class='ocrx_word' id='word_1_60' title='bbox 1231 767 1262 798; x_wconf 86' lang='lat' dir='ltr'><strong>et</strong></span> <span class='ocrx_word' id='word_1_61' title='bbox 1291 764 1528 797; x_wconf 69' lang='lat' dir='ltr'><strong>immutabilis</strong></span> <span class='ocrx_word' id='word_1_62' title='bbox 1557 771 1616 804; x_wconf 84' lang='lat' dir='ltr'><strong>ug.</strong></span> 
     </span>
    </p>
   </div>
   <div class='ocr_carea' id='block_1_4' title="bbox 419 894 2074 3024">
    <p class='ocr_par' dir='ltr' id='par_1_4' title="bbox 419 894 2074 3024">
     <span class='ocr_line' id='line_1_8' title="bbox 434 894 2071 946; baseline -0.004 -11"><span class='ocrx_word' id='word_1_63' title='bbox 434 903 584 946; x_wconf 84' lang='lat' dir='ltr'><strong>potens</strong></span> <span class='ocrx_word' id='word_1_64' title='bbox 612 897 808 934; x_wconf 88' lang='lat' dir='ltr'><strong>omnium</strong></span> <span class='ocrx_word' id='word_1_65' title='bbox 837 907 846 932; x_wconf 89' lang='lat'>:</span> <span class='ocrx_word' id='word_1_66' title='bbox 886 897 911 933; x_wconf 78' lang='lat' dir='ltr'><strong>a</strong></span> <span class='ocrx_word' id='word_1_67' title='bbox 939 899 1055 932; x_wconf 87' lang='lat' dir='ltr'><strong>cette</strong></span> <span class='ocrx_word' id='word_1_68' title='bbox 1081 894 1455 940; x_wconf 86' lang='lat' dir='ltr'><strong>toute-puissance</strong></span> <span class='ocrx_word' id='word_1_69' title='bbox 1485 894 1680 939; x_wconf 76' lang='lat' dir='ltr'><strong>Seneque</strong></span> <span class='ocrx_word' id='word_1_70' title='bbox 1708 896 1797 931; x_wconf 86' lang='lat' dir='ltr'><strong>met</strong></span> <span class='ocrx_word' id='word_1_71' title='bbox 1825 894 2071 939; x_wconf 88' lang='lat' dir='ltr'><strong>cependant</strong></span> 
     </span>
     <span class='ocr_line' id='line_1_9' title="bbox 435 952 2071 1003; baseline -0.004 -9"><span class='ocrx_word' id='word_1_72' title='bbox 435 959 606 995; x_wconf 83' lang='lat' dir='ltr'><strong>ailleurs</strong></span> <span class='ocrx_word' id='word_1_73' title='bbox 631 958 715 1003; x_wconf 88' lang='lat' dir='ltr'><strong>(De</strong></span> <span class='ocrx_word' id='word_1_74' title='bbox 741 957 914 993; x_wconf 80' lang='lat' dir='ltr'><strong>Prouid.</strong></span> <span class='ocrx_word' id='word_1_75' title='bbox 941 957 978 992; x_wconf 95' lang='lat' dir='ltr'>V</span> <span class='ocrx_word' id='word_1_76' title='bbox 1002 957 1044 1001; x_wconf 86' lang='lat'><strong>9)</strong></span> <span class='ocrx_word' id='word_1_77' title='bbox 1078 956 1150 991; x_wconf 88' lang='lat' dir='ltr'><strong>des</strong></span> <span class='ocrx_word' id='word_1_78' title='bbox 1186 953 1467 990; x_wconf 82' lang='lat' dir='ltr'><strong>restrictions.</strong></span> <span class='ocrx_word' id='word_1_79' title='bbox 1501 974 1555 978; x_wconf 84' lang='lat'><strong>—-—</strong></span> <span class='ocrx_word' id='word_1_80' title='bbox 1612 953 1894 998; x_wconf 83' lang='lat' dir='ltr'><strong>Incorporalis</strong></span> <span class='ocrx_word' id='word_1_81' title='bbox 1928 952 2038 989; x_wconf 72' lang='lat' dir='ltr'><strong>rati«)</strong></span> <span class='ocrx_word' id='word_1_82' title='bbox 2063 962 2071 987; x_wconf 92' lang='lat'>:</span> 
     </span>
     <span class='ocr_line' id='line_1_10' title="bbox 433 1012 2073 1062; baseline -0.003 -8"><span class='ocrx_word' id='word_1_83' title='bbox 433 1018 521 1054; x_wconf 89' lang='lat' dir='ltr'><strong>ceci</strong></span> <span class='ocrx_word' id='word_1_84' title='bbox 553 1018 665 1053; x_wconf 88' lang='lat' dir='ltr'><strong>n’est</strong></span> <span class='ocrx_word' id='word_1_85' title='bbox 695 1026 772 1062; x_wconf 88' lang='lat' dir='ltr'><strong>pas</strong></span> <span class='ocrx_word' id='word_1_86' title='bbox 803 1016 841 1052; x_wconf 92' lang='lat' dir='ltr'><strong>le</strong></span> <span class='ocrx_word' id='word_1_87' title='bbox 873 1016 972 1051; x_wconf 90' lang='lat' dir='ltr'><strong>dieu</strong></span> <span class='ocrx_word' id='word_1_88' title='bbox 1003 1014 1198 1057; x_wconf 73' lang='lat' dir='ltr'><strong>stoicien,</strong></span> <span class='ocrx_word' id='word_1_89' title='bbox 1230 1014 1332 1059; x_wconf 86' lang='lat' dir='ltr'><strong>quoi</strong></span> <span class='ocrx_word' id='word_1_90' title='bbox 1364 1013 1493 1058; x_wconf 88' lang='lat' dir='ltr'><strong>qu&#39;en</strong></span> <span class='ocrx_word' id='word_1_91' title='bbox 1524 1022 1655 1058; x_wconf 90' lang='lat' dir='ltr'><strong>pense</strong></span> <span class='ocrx_word' id='word_1_92' title='bbox 1692 1013 1748 1048; x_wconf 92' lang='lat' dir='ltr'><strong>M.</strong></span> <span class='ocrx_word' id='word_1_93' title='bbox 1783 1012 1929 1048; x_wconf 87' lang='lat' dir='ltr'><strong>Rubin</strong></span> <span class='ocrx_word' id='word_1_94' title='bbox 1969 1012 2073 1057; x_wconf 88' lang='lat' dir='ltr'><strong>(Die</strong></span> 
     </span>
     <span class='ocr_line' id='line_1_11' title="bbox 437 1071 2074 1120; baseline -0.004 -6"><span class='ocrx_word' id='word_1_95' title='bbox 437 1078 566 1114; x_wconf 80' lang='lat' dir='ltr'><strong>Ethik</strong></span> <span class='ocrx_word' id='word_1_96' title='bbox 593 1077 784 1119; x_wconf 81' lang='lat' dir='ltr'><strong>Senecas,</strong></span> <span class='ocrx_word' id='word_1_97' title='bbox 809 1085 881 1120; x_wconf 90' lang='lat' dir='ltr'><strong>pp.</strong></span> <span class='ocrx_word' id='word_1_98' title='bbox 908 1074 1040 1119; x_wconf 88' lang='lat'><strong>9-10),</strong></span> <span class='ocrx_word' id='word_1_99' title='bbox 1064 1074 1172 1110; x_wconf 87' lang='lat' dir='ltr'><strong>mais</strong></span> <span class='ocrx_word' id='word_1_100' title='bbox 1196 1073 1233 1109; x_wconf 91' lang='lat' dir='ltr'><strong>le</strong></span> <span class='ocrx_word' id='word_1_101' title='bbox 1257 1073 1355 1108; x_wconf 85' lang='lat' dir='ltr'><strong>dieu</strong></span> <span class='ocrx_word' id='word_1_102' title='bbox 1379 1071 1657 1117; x_wconf 85' lang='lat' dir='ltr'><strong>platonicien.</strong></span> <span class='ocrx_word' id='word_1_103' title='bbox 1682 1073 1791 1118; x_wconf 85' lang='lat' dir='ltr'><strong>Voy.</strong></span> <span class='ocrx_word' id='word_1_104' title='bbox 1819 1071 1964 1116; x_wconf 89' lang='lat' dir='ltr'><strong>Zeller,</strong></span> <span class='ocrx_word' id='word_1_105' title='bbox 1993 1072 2074 1108; x_wconf 87' lang='lat' dir='ltr'><strong>Die</strong></span> 
     </span>
     <span class='ocr_line' id='line_1_12' title="bbox 435 1130 2069 1178; baseline -0.004 -5"><span class='ocrx_word' id='word_1_106' title='bbox 435 1137 592 1174; x_wconf 84' lang='lat' dir='ltr'><strong>Philos.</strong></span> <span class='ocrx_word' id='word_1_107' title='bbox 624 1137 693 1172; x_wconf 81' lang='lat' dir='ltr'><strong>der</strong></span> <span class='ocrx_word' id='word_1_108' title='bbox 727 1137 793 1172; x_wconf 83' lang='lat' dir='ltr'><strong>Gr.</strong></span> <span class='ocrx_word' id='word_1_109' title='bbox 829 1136 909 1170; x_wconf 93' lang='grc' dir='ltr'><strong>ΙΙΙ.</strong></span> <span class='ocrx_word' id='word_1_110' title='bbox 942 1134 1046 1177; x_wconf 87' lang='lat' dir='ltr'><strong>Teil‚</strong></span> <span class='ocrx_word' id='word_1_111' title='bbox 1081 1134 1111 1169; x_wconf 95' lang='lat' dir='ltr'><strong>I.</strong></span> <span class='ocrx_word' id='word_1_112' title='bbox 1143 1134 1263 1176; x_wconf 64' lang='lat' dir='ltr'><strong>Abt„</strong></span> <span class='ocrx_word' id='word_1_113' title='bbox 1293 1142 1333 1177; x_wconf 91' lang='lat' dir='ltr'><strong>p.</strong></span> <span class='ocrx_word' id='word_1_114' title='bbox 1368 1133 1446 1168; x_wconf 84' lang='grc'><strong>143</strong></span> <span class='ocrx_word' id='word_1_115' title='bbox 1466 1134 1508 1168; x_wconf 89' lang='lat' dir='ltr'><strong>et</strong></span> <span class='ocrx_word' id='word_1_116' title='bbox 1525 1141 1565 1177; x_wconf 91' lang='lat' dir='ltr'><strong>p.</strong></span> <span class='ocrx_word' id='word_1_117' title='bbox 1589 1131 1682 1175; x_wconf 80' lang='lat'><strong>145,</strong></span> <span class='ocrx_word' id='word_1_118' title='bbox 1713 1141 1753 1166; x_wconf 91' lang='lat' dir='ltr'><strong>n.</strong></span> <span class='ocrx_word' id='word_1_119' title='bbox 1786 1132 1824 1174; x_wconf 90' lang='lat'><strong>1,</strong></span> <span class='ocrx_word' id='word_1_120' title='bbox 1854 1133 1897 1167; x_wconf 87' lang='lat' dir='ltr'><strong>et</strong></span> <span class='ocrx_word' id='word_1_121' title='bbox 1926 1130 2069 1178; x_wconf 83' lang='lat' dir='ltr'>cf.Ep.</span> 
     </span>
     <span class='ocr_line' id='line_1_13' title="bbox 434 1190 2071 1239; baseline -0.004 -6"><span class='ocrx_word' id='word_1_122' title='bbox 434 1197 600 1234; x_wconf 91' lang='lat' dir='ltr'>CXVII</span> <span class='ocrx_word' id='word_1_123' title='bbox 625 1196 650 1232; x_wconf 89' lang='lat'><strong>2</strong></span> <span class='ocrx_word' id='word_1_124' title='bbox 676 1206 684 1231; x_wconf 93' lang='lat'>:</span> <span class='ocrx_word' id='word_1_125' title='bbox 711 1207 726 1229; x_wconf 91' lang='lat'>«</span> <span class='ocrx_word' id='word_1_126' title='bbox 751 1195 897 1231; x_wconf 89' lang='lat' dir='ltr'><strong>Placet</strong></span> <span class='ocrx_word' id='word_1_127' title='bbox 923 1193 1096 1236; x_wconf 85' lang='lat' dir='ltr'><strong>nostris,</strong></span> <span class='ocrx_word' id='word_1_128' title='bbox 1122 1193 1228 1239; x_wconf 83' lang='lat' dir='ltr'><strong>quod</strong></span> <span class='ocrx_word' id='word_1_129' title='bbox 1255 1193 1407 1228; x_wconf 81' lang='lat' dir='ltr'><strong>bonum</strong></span> <span class='ocrx_word' id='word_1_130' title='bbox 1431 1193 1502 1235; x_wconf 89' lang='lat' dir='ltr'><strong>est,</strong></span> <span class='ocrx_word' id='word_1_131' title='bbox 1527 1202 1678 1237; x_wconf 77' lang='lat' dir='ltr'><strong>corpus</strong></span> <span class='ocrx_word' id='word_1_132' title='bbox 1702 1201 1800 1234; x_wconf 90' lang='lat' dir='ltr'><strong>esse,</strong></span> <span class='ocrx_word' id='word_1_133' title='bbox 1826 1190 1930 1236; x_wconf 82' lang='lat' dir='ltr'><strong>quia</strong></span> <span class='ocrx_word' id='word_1_134' title='bbox 1953 1191 2071 1236; x_wconf 90' lang='lat' dir='ltr'><strong>quod</strong></span> 
     </span>
     <span class='ocr_line' id='line_1_14' title="bbox 432 1250 2070 1300; baseline -0.004 -8"><span class='ocrx_word' id='word_1_135' title='bbox 432 1257 596 1292; x_wconf 87' lang='lat' dir='ltr'><strong>bonum</strong></span> <span class='ocrx_word' id='word_1_136' title='bbox 625 1258 690 1291; x_wconf 92' lang='lat' dir='ltr'><strong>est</strong></span> <span class='ocrx_word' id='word_1_137' title='bbox 717 1255 822 1291; x_wconf 80' lang='lat' dir='ltr'><strong>facit</strong></span> <span class='ocrx_word' id='word_1_138' title='bbox 847 1265 856 1298; x_wconf 93' lang='grc'>;</span> <span class='ocrx_word' id='word_1_139' title='bbox 885 1253 1087 1300; x_wconf 81' lang='lat' dir='ltr'><strong>quidquid</strong></span> <span class='ocrx_word' id='word_1_140' title='bbox 1113 1253 1228 1297; x_wconf 77' lang='lat' dir='ltr'><strong>fucit.</strong></span> <span class='ocrx_word' id='word_1_141' title='bbox 1257 1262 1406 1297; x_wconf 79' lang='lat' dir='ltr'><strong>corpus</strong></span> <span class='ocrx_word' id='word_1_142' title='bbox 1434 1254 1503 1287; x_wconf 84' lang='lat' dir='ltr'><strong>est.</strong></span> <span class='ocrx_word' id='word_1_143' title='bbox 1530 1263 1544 1285; x_wconf 92' lang='lat'>»</span> <span class='ocrx_word' id='word_1_144' title='bbox 1574 1271 1629 1275; x_wconf 90' lang='lat'>—</span> <span class='ocrx_word' id='word_1_145' title='bbox 1688 1250 1870 1286; x_wconf 85' lang='lat' dir='ltr'><strong>Diuinus</strong></span> <span class='ocrx_word' id='word_1_146' title='bbox 1897 1250 2070 1296; x_wconf 80' lang='lat' dir='ltr'><strong>spiritus</strong></span> 
     </span>
     <span class='ocr_line' id='line_1_15' title="bbox 431 1310 2070 1361; baseline -0.004 -9"><span class='ocrx_word' id='word_1_147' title='bbox 431 1326 504 1361; x_wconf 87' lang='lat' dir='ltr'><strong>per</strong></span> <span class='ocrx_word' id='word_1_148' title='bbox 528 1314 695 1351; x_wconf 84' lang='lat' dir='ltr'><strong>omnia:</strong></span> <span class='ocrx_word' id='word_1_149' title='bbox 724 1324 824 1360; x_wconf 80' lang='lat' dir='ltr'>voy.</span> <span class='ocrx_word' id='word_1_150' title='bbox 855 1314 1011 1349; x_wconf 82' lang='lat' dir='ltr'><strong>Introd.</strong></span> <span class='ocrx_word' id='word_1_151' title='bbox 1027 1322 1098 1357; x_wconf 90' lang='lat' dir='ltr'><strong>pp.</strong></span> <span class='ocrx_word' id='word_1_152' title='bbox 1118 1311 1416 1347; x_wconf 90' lang='lat' dir='ltr'>XLV—XLVI.</span> <span class='ocrx_word' id='word_1_153' title='bbox 1438 1310 1533 1346; x_wconf 88' lang='lat' dir='ltr'><strong>Ceci</strong></span> <span class='ocrx_word' id='word_1_154' title='bbox 1549 1312 1613 1346; x_wconf 90' lang='lat' dir='ltr'><strong>est</strong></span> <span class='ocrx_word' id='word_1_155' title='bbox 1628 1310 1670 1345; x_wconf 98' lang='grc'><strong>13</strong></span> <span class='ocrx_word' id='word_1_156' title='bbox 1685 1310 1915 1347; x_wconf 80' lang='lat' dir='ltr'><strong>definition</strong></span> <span class='ocrx_word' id='word_1_157' title='bbox 1930 1319 2070 1346; x_wconf 88' lang='lat' dir='ltr'><strong>essen-</strong></span> 
     </span>
     <span class='ocr_line' id='line_1_16' title="bbox 429 1369 2068 1415; baseline -0.004 -4"><span class='ocrx_word' id='word_1_158' title='bbox 429 1374 671 1411; x_wconf 87' lang='lat' dir='ltr'><strong>tiellement</strong></span> <span class='ocrx_word' id='word_1_159' title='bbox 693 1373 929 1410; x_wconf 82' lang='lat' dir='ltr'><strong>stoi&#39;cienne</strong></span> <span class='ocrx_word' id='word_1_160' title='bbox 953 1373 1005 1407; x_wconf 89' lang='lat' dir='ltr'><strong>de</strong></span> <span class='ocrx_word' id='word_1_161' title='bbox 1026 1372 1067 1406; x_wconf 94' lang='grc'><strong>13</strong></span> <span class='ocrx_word' id='word_1_162' title='bbox 1091 1370 1299 1413; x_wconf 79' lang='lat' dir='ltr'><strong>Divinite‚</strong></span> <span class='ocrx_word' id='word_1_163' title='bbox 1323 1370 1375 1405; x_wconf 82' lang='lat' dir='ltr'><strong>cf.</strong></span> <span class='ocrx_word' id='word_1_164' title='bbox 1401 1369 1568 1413; x_wconf 72' lang='lat' dir='ltr'><strong>Aetius,</strong></span> <span class='ocrx_word' id='word_1_165' title='bbox 1594 1369 1706 1405; x_wconf 81' lang='lat' dir='ltr'><strong>Plac.</strong></span> <span class='ocrx_word' id='word_1_166' title='bbox 1735 1370 1752 1405; x_wconf 93' lang='grc' dir='ltr'>Ι</span> <span class='ocrx_word' id='word_1_167' title='bbox 1773 1371 1811 1413; x_wconf 87' lang='grc'><strong>7,</strong></span> <span class='ocrx_word' id='word_1_168' title='bbox 1830 1370 1882 1406; x_wconf 88' lang='grc'><strong>33</strong></span> <span class='ocrx_word' id='word_1_169' title='bbox 1898 1370 2068 1415; x_wconf 83' lang='lat' dir='ltr'>(Arnim</span> 
     </span>
     <span class='ocr_line' id='line_1_17' title="bbox 437 1433 2070 1480; baseline -0.003 -10"><span class='ocrx_word' id='word_1_170' title='bbox 437 1435 480 1470; x_wconf 91' lang='lat' dir='ltr'><strong>II</strong></span> <span class='ocrx_word' id='word_1_171' title='bbox 507 1436 526 1479; x_wconf 64' lang='grc' dir='ltr'>ἓ</span> <span class='ocrx_word' id='word_1_172' title='bbox 545 1434 666 1476; x_wconf 83' lang='grc'><strong>1027,</strong></span> <span class='ocrx_word' id='word_1_173' title='bbox 685 1443 726 1478; x_wconf 91' lang='lat' dir='ltr'><strong>p.</strong></span> <span class='ocrx_word' id='word_1_174' title='bbox 745 1433 844 1477; x_wconf 87' lang='grc'>306)</span> <span class='ocrx_word' id='word_1_175' title='bbox 864 1443 871 1467; x_wconf 75' lang='lat'>1</span> <span class='ocrx_word' id='word_1_176' title='bbox 892 1443 907 1465; x_wconf 82' lang='lat'>«</span> <span class='ocrx_word' id='word_1_177' title='bbox 932 1435 972 1467; x_wconf 82' lang='grc' dir='ltr'><strong>Οἱ</strong></span> <span class='ocrx_word' id='word_1_178' title='bbox 993 1435 1133 1467; x_wconf 76' lang='grc' dir='ltr'>Στωϊκοὶ</span> <span class='ocrx_word' id='word_1_179' title='bbox 1153 1436 1270 1477; x_wconf 73' lang='grc' dir='ltr'><strong><em>νοερὸν</em></strong></span> <span class='ocrx_word' id='word_1_180' title='bbox 1284 1436 1359 1467; x_wconf 84' lang='grc' dir='ltr'><strong>θεὸν</strong></span> <span class='ocrx_word' id='word_1_181' title='bbox 1375 1433 1650 1480; x_wconf 58' lang='grc' dir='ltr'>ἀποφαίνονται...</span> <span class='ocrx_word' id='word_1_182' title='bbox 1667 1435 1719 1465; x_wconf 80' lang='grc' dir='ltr'><strong>καὶ</strong></span> <span class='ocrx_word' id='word_1_183' title='bbox 1738 1437 1866 1476; x_wconf 84' lang='grc' dir='ltr'><strong>πνεῦμα</strong></span> <span class='ocrx_word' id='word_1_184' title='bbox 1882 1435 1942 1475; x_wconf 84' lang='grc' dir='ltr'><strong>μὲν</strong></span> <span class='ocrx_word' id='word_1_185' title='bbox 1957 1436 2070 1474; x_wconf 80' lang='grc' dir='ltr'>διῆκον</span> 
     </span>
     <span class='ocr_line' id='line_1_18' title="bbox 427 1489 2069 1538; baseline -0.005 -7"><span class='ocrx_word' id='word_1_186' title='bbox 427 1498 475 1531; x_wconf 73' lang='grc' dir='ltr'><strong>δι’</strong></span> <span class='ocrx_word' id='word_1_187' title='bbox 502 1500 582 1530; x_wconf 75' lang='grc' dir='ltr'><em>ὅλου</em></span> <span class='ocrx_word' id='word_1_188' title='bbox 606 1501 663 1529; x_wconf 78' lang='grc' dir='ltr'><strong>τοῦ</strong></span> <span class='ocrx_word' id='word_1_189' title='bbox 689 1498 813 1538; x_wconf 83' lang='grc' dir='ltr'>κόσμου</span> <span class='ocrx_word' id='word_1_190' title='bbox 829 1502 869 1535; x_wconf 86' lang='grc'><strong>»;</strong></span> <span class='ocrx_word' id='word_1_191' title='bbox 900 1490 1013 1536; x_wconf 82' lang='lat' dir='ltr'>Orig.</span> <span class='ocrx_word' id='word_1_192' title='bbox 1038 1491 1175 1526; x_wconf 82' lang='lat' dir='ltr'><strong>Contr.</strong></span> <span class='ocrx_word' id='word_1_193' title='bbox 1203 1490 1306 1526; x_wconf 89' lang='lat' dir='ltr'><strong>Cels.</strong></span> <span class='ocrx_word' id='word_1_194' title='bbox 1331 1490 1392 1525; x_wconf 92' lang='lat' dir='ltr'><strong>VI</strong></span> <span class='ocrx_word' id='word_1_195' title='bbox 1415 1490 1452 1531; x_wconf 89' lang='lat'><strong>7,</strong></span> <span class='ocrx_word' id='word_1_196' title='bbox 1474 1489 1558 1523; x_wconf 93' lang='lat' dir='ltr'><strong>uol.</strong></span> <span class='ocrx_word' id='word_1_197' title='bbox 1587 1489 1628 1523; x_wconf 95' lang='lat' dir='ltr'><strong>II</strong></span> <span class='ocrx_word' id='word_1_198' title='bbox 1649 1497 1690 1532; x_wconf 88' lang='lat' dir='ltr'><strong>p.</strong></span> <span class='ocrx_word' id='word_1_199' title='bbox 1715 1489 1808 1531; x_wconf 74' lang='lat'>141,</span> <span class='ocrx_word' id='word_1_200' title='bbox 1830 1489 1854 1524; x_wconf 89' lang='grc'>6</span> <span class='ocrx_word' id='word_1_201' title='bbox 1873 1490 1954 1525; x_wconf 88' lang='grc' dir='ltr'><strong>Κὸ.</strong></span> <span class='ocrx_word' id='word_1_202' title='bbox 1972 1489 2069 1534; x_wconf 90' lang='lat' dir='ltr'><strong>(Ar-</strong></span> 
     </span>
     <span class='ocr_line' id='line_1_19' title="bbox 435 1550 2067 1598; baseline -0.003 -9"><span class='ocrx_word' id='word_1_203' title='bbox 435 1553 525 1589; x_wconf 87' lang='lat' dir='ltr'><strong>nim</strong></span> <span class='ocrx_word' id='word_1_204' title='bbox 551 1553 593 1588; x_wconf 92' lang='lat' dir='ltr'><strong>II</strong></span> <span class='ocrx_word' id='word_1_205' title='bbox 623 1554 641 1598; x_wconf 64' lang='grc' dir='ltr'><strong>ἓ</strong></span> <span class='ocrx_word' id='word_1_206' title='bbox 664 1553 784 1594; x_wconf 85' lang='grc'><strong>1051,</strong></span> <span class='ocrx_word' id='word_1_207' title='bbox 806 1561 847 1596; x_wconf 86' lang='lat' dir='ltr'>p.</span> <span class='ocrx_word' id='word_1_208' title='bbox 870 1550 970 1595; x_wconf 86' lang='lat'>310)</span> <span class='ocrx_word' id='word_1_209' title='bbox 993 1561 1001 1585; x_wconf 77' lang='lat'>2</span> <span class='ocrx_word' id='word_1_210' title='bbox 1039 1561 1054 1583; x_wconf 84' lang='lat'>«</span> <span class='ocrx_word' id='word_1_211' title='bbox 1078 1554 1110 1585; x_wconf 88' lang='lat' dir='ltr'><strong>&#39;O</strong></span> <span class='ocrx_word' id='word_1_212' title='bbox 1133 1555 1206 1593; x_wconf 82' lang='grc' dir='ltr'><strong>θεὸς</strong></span> <span class='ocrx_word' id='word_1_213' title='bbox 1221 1553 1349 1596; x_wconf 82' lang='grc' dir='ltr'><em>πνεῦμά</em></span> <span class='ocrx_word' id='word_1_214' title='bbox 1373 1553 1440 1585; x_wconf 81' lang='grc' dir='ltr'>ἐστι</span> <span class='ocrx_word' id='word_1_215' title='bbox 1464 1552 1518 1585; x_wconf 79' lang='grc' dir='ltr'><strong>διὰ</strong></span> <span class='ocrx_word' id='word_1_216' title='bbox 1540 1552 1673 1584; x_wconf 80' lang='grc' dir='ltr'>πάντων</span> <span class='ocrx_word' id='word_1_217' title='bbox 1691 1553 1882 1591; x_wconf 82' lang='grc' dir='ltr'><strong>διεληλυθὸς</strong></span> <span class='ocrx_word' id='word_1_218' title='bbox 1900 1553 1953 1584; x_wconf 85' lang='grc' dir='ltr'><strong>καὶ</strong></span> <span class='ocrx_word' id='word_1_219' title='bbox 1971 1552 2067 1585; x_wconf 81' lang='grc' dir='ltr'>πάντ’</span> 
     </span>
     <span class='ocr_line' id='line_1_20' title="bbox 432 1606 2065 1657; baseline -0.004 -8"><span class='ocrx_word' id='word_1_220' title='bbox 432 1617 469 1650; x_wconf 80' lang='grc' dir='ltr'><strong>ἐν</strong></span> <span class='ocrx_word' id='word_1_221' title='bbox 492 1617 595 1657; x_wconf 76' lang='grc' dir='ltr'><em>ἑαυτῷ</em></span> <span class='ocrx_word' id='word_1_222' title='bbox 623 1617 811 1657; x_wconf 76' lang='grc' dir='ltr'><em>περιέχον»</em></span> <span class='ocrx_word' id='word_1_223' title='bbox 834 1621 842 1654; x_wconf 92' lang='grc'>;</span> <span class='ocrx_word' id='word_1_224' title='bbox 881 1609 1132 1653; x_wconf 84' lang='lat' dir='ltr'><strong>Tertullien,</strong></span> <span class='ocrx_word' id='word_1_225' title='bbox 1161 1610 1336 1645; x_wconf 82' lang='lat' dir='ltr'><strong>Aduers.</strong></span> <span class='ocrx_word' id='word_1_226' title='bbox 1364 1610 1560 1652; x_wconf 75' lang='lat' dir='ltr'><strong>Hermoy.</strong></span> <span class='ocrx_word' id='word_1_227' title='bbox 1593 1608 1644 1642; x_wconf 80' lang='lat'><strong>44</strong></span> <span class='ocrx_word' id='word_1_228' title='bbox 1681 1606 1851 1652; x_wconf 89' lang='lat' dir='ltr'><strong>(Arnim</strong></span> <span class='ocrx_word' id='word_1_229' title='bbox 1879 1608 1896 1642; x_wconf 95' lang='lat' dir='ltr'>I</span> <span class='ocrx_word' id='word_1_230' title='bbox 1927 1608 1948 1652; x_wconf 63' lang='grc' dir='ltr'><strong>ξ</strong></span> <span class='ocrx_word' id='word_1_231' title='bbox 1972 1607 2065 1648; x_wconf 86' lang='grc'><strong>155,</strong></span> 
     </span>
     <span class='ocr_line' id='line_1_21' title="bbox 430 1666 2067 1717; baseline -0.003 -9"><span class='ocrx_word' id='word_1_232' title='bbox 430 1682 472 1717; x_wconf 87' lang='lat' dir='ltr'><strong>p.</strong></span> <span class='ocrx_word' id='word_1_233' title='bbox 491 1672 588 1717; x_wconf 81' lang='lat'>42):</span> <span class='ocrx_word' id='word_1_234' title='bbox 615 1670 778 1707; x_wconf 90' lang='lat' dir='ltr'><strong>«Stoici</strong></span> <span class='ocrx_word' id='word_1_235' title='bbox 803 1669 916 1705; x_wconf 87' lang='lat' dir='ltr'><strong>enim</strong></span> <span class='ocrx_word' id='word_1_236' title='bbox 940 1668 1096 1704; x_wconf 89' lang='lat' dir='ltr'><strong>uolunt</strong></span> <span class='ocrx_word' id='word_1_237' title='bbox 1119 1668 1240 1704; x_wconf 80' lang='lat' dir='ltr'><strong>deum</strong></span> <span class='ocrx_word' id='word_1_238' title='bbox 1261 1668 1322 1703; x_wconf 83' lang='lat' dir='ltr'><strong>sic</strong></span> <span class='ocrx_word' id='word_1_239' title='bbox 1344 1678 1416 1713; x_wconf 81' lang='lat' dir='ltr'><strong>pez·</strong></span> <span class='ocrx_word' id='word_1_240' title='bbox 1430 1667 1649 1702; x_wconf 79' lang='lat' dir='ltr'><strong>materiam</strong></span> <span class='ocrx_word' id='word_1_241' title='bbox 1668 1666 1948 1702; x_wconf 81' lang='lat' dir='ltr'><strong>decucurrisse</strong></span> <span class='ocrx_word' id='word_1_242' title='bbox 1969 1677 2067 1712; x_wconf 86' lang='lat' dir='ltr'><strong>quo-</strong></span> 
     </span>
     <span class='ocr_line' id='line_1_22' title="bbox 430 1725 2066 1775; baseline -0.003 -8"><span class='ocrx_word' id='word_1_243' title='bbox 430 1732 548 1767; x_wconf 79' lang='lat' dir='ltr'><strong>modo</strong></span> <span class='ocrx_word' id='word_1_244' title='bbox 572 1731 650 1766; x_wconf 84' lang='lat' dir='ltr'><strong>mel</strong></span> <span class='ocrx_word' id='word_1_245' title='bbox 671 1739 744 1775; x_wconf 79' lang='lat' dir='ltr'><strong>pet·</strong></span> <span class='ocrx_word' id='word_1_246' title='bbox 764 1729 899 1774; x_wconf 80' lang='lat' dir='ltr'><strong>sauos.</strong></span> <span class='ocrx_word' id='word_1_247' title='bbox 926 1739 940 1762; x_wconf 93' lang='lat'>»</span> <span class='ocrx_word' id='word_1_248' title='bbox 961 1750 1016 1753; x_wconf 97' lang='lat'><strong>—</strong></span> <span class='ocrx_word' id='word_1_249' title='bbox 1073 1727 1254 1773; x_wconf 82' lang='lat' dir='ltr'><strong>Aequali</strong></span> <span class='ocrx_word' id='word_1_250' title='bbox 1274 1726 1512 1762; x_wconf 83' lang='lat' dir='ltr'><strong>intentione</strong></span> <span class='ocrx_word' id='word_1_251' title='bbox 1534 1725 1743 1762; x_wconf 74' lang='lat' dir='ltr'><strong>diffusus:</strong></span> <span class='ocrx_word' id='word_1_252' title='bbox 1767 1726 2066 1762; x_wconf 83' lang='lat' dir='ltr'><strong>inexactitude</strong></span> 
     </span>
     <span class='ocr_line' id='line_1_23' title="bbox 433 1785 2066 1835; baseline -0.002 -9"><span class='ocrx_word' id='word_1_253' title='bbox 433 1791 491 1826; x_wconf 91' lang='lat' dir='ltr'><strong>du</strong></span> <span class='ocrx_word' id='word_1_254' title='bbox 519 1789 643 1835; x_wconf 87' lang='lat' dir='ltr'><strong>point</strong></span> <span class='ocrx_word' id='word_1_255' title='bbox 675 1790 727 1825; x_wconf 88' lang='lat' dir='ltr'><strong>de</strong></span> <span class='ocrx_word' id='word_1_256' title='bbox 758 1798 842 1824; x_wconf 87' lang='lat' dir='ltr'><strong>vue</strong></span> <span class='ocrx_word' id='word_1_257' title='bbox 870 1787 1064 1823; x_wconf 63' lang='lat' dir='ltr'><strong>stolcien.</strong></span> <span class='ocrx_word' id='word_1_258' title='bbox 1096 1788 1158 1822; x_wconf 84' lang='lat' dir='ltr'><strong>De</strong></span> <span class='ocrx_word' id='word_1_259' title='bbox 1180 1787 1319 1822; x_wconf 80' lang='lat' dir='ltr'><strong>meme</strong></span> <span class='ocrx_word' id='word_1_260' title='bbox 1340 1796 1423 1831; x_wconf 87' lang='lat' dir='ltr'><strong>que</strong></span> <span class='ocrx_word' id='word_1_261' title='bbox 1445 1785 1588 1829; x_wconf 77' lang='lat' dir='ltr'><strong>l&#39;ame,</strong></span> <span class='ocrx_word' id='word_1_262' title='bbox 1610 1785 1768 1821; x_wconf 81' lang='lat' dir='ltr'><strong>diffuse</strong></span> <span class='ocrx_word' id='word_1_263' title='bbox 1789 1786 1813 1821; x_wconf 84' lang='grc'><strong>3</strong></span> <span class='ocrx_word' id='word_1_264' title='bbox 1833 1788 2001 1822; x_wconf 85' lang='lat' dir='ltr'><strong>travers</strong></span> <span class='ocrx_word' id='word_1_265' title='bbox 2027 1785 2066 1822; x_wconf 90' lang='lat' dir='ltr'><strong>le</strong></span> 
     </span>
     <span class='ocr_line' id='line_1_24' title="bbox 429 1845 2064 1894; baseline -0.003 -9"><span class='ocrx_word' id='word_1_266' title='bbox 429 1859 569 1894; x_wconf 82' lang='lat' dir='ltr'>corps,</span> <span class='ocrx_word' id='word_1_267' title='bbox 592 1859 644 1884; x_wconf 89' lang='lat' dir='ltr'><strong>ne</strong></span> <span class='ocrx_word' id='word_1_268' title='bbox 664 1848 762 1884; x_wconf 80' lang='lat' dir='ltr'><strong>l&#39;est</strong></span> <span class='ocrx_word' id='word_1_269' title='bbox 784 1857 860 1893; x_wconf 84' lang='lat' dir='ltr'><strong>pas</strong></span> <span class='ocrx_word' id='word_1_270' title='bbox 882 1849 1063 1892; x_wconf 82' lang='lat' dir='ltr'><strong>partout</strong></span> <span class='ocrx_word' id='word_1_271' title='bbox 1091 1846 1347 1891; x_wconf 76' lang='lat' dir='ltr'><strong>egalement,</strong></span> <span class='ocrx_word' id='word_1_272' title='bbox 1367 1846 1418 1881; x_wconf 90' lang='lat' dir='ltr'><strong>de</strong></span> <span class='ocrx_word' id='word_1_273' title='bbox 1446 1846 1585 1881; x_wconf 78' lang='lat' dir='ltr'><strong>meme</strong></span> <span class='ocrx_word' id='word_1_274' title='bbox 1603 1845 1727 1888; x_wconf 90' lang='lat' dir='ltr'><strong>Dieu,</strong></span> <span class='ocrx_word' id='word_1_275' title='bbox 1744 1845 1940 1889; x_wconf 77' lang='lat' dir='ltr'><strong>repandu</strong></span> <span class='ocrx_word' id='word_1_276' title='bbox 1957 1845 2064 1881; x_wconf 86' lang='lat' dir='ltr'><strong>dans</strong></span> 
     </span>
     <span class='ocr_line' id='line_1_25' title="bbox 427 1903 2063 1952; baseline -0.003 -7"><span class='ocrx_word' id='word_1_277' title='bbox 427 1909 634 1945; x_wconf 83' lang='lat' dir='ltr'><strong>l&#39;univers</strong></span> <span class='ocrx_word' id='word_1_278' title='bbox 663 1907 814 1951; x_wconf 82' lang='lat' dir='ltr'><strong>entier,</strong></span> <span class='ocrx_word' id='word_1_279' title='bbox 842 1907 938 1943; x_wconf 87' lang='lat' dir='ltr'><strong>l’est</strong></span> <span class='ocrx_word' id='word_1_280' title='bbox 963 1906 1254 1952; x_wconf 82' lang='lat' dir='ltr'><strong>inegalement</strong></span> <span class='ocrx_word' id='word_1_281' title='bbox 1279 1904 1455 1941; x_wconf 79' lang='lat' dir='ltr'><strong>suivant</strong></span> <span class='ocrx_word' id='word_1_282' title='bbox 1480 1904 1538 1940; x_wconf 90' lang='lat' dir='ltr'><strong>les</strong></span> <span class='ocrx_word' id='word_1_283' title='bbox 1557 1905 1704 1940; x_wconf 86' lang='lat' dir='ltr'><strong>choses</strong></span> <span class='ocrx_word' id='word_1_284' title='bbox 1731 1903 1837 1949; x_wconf 90' lang='lat' dir='ltr'><strong>qu&#39;il</strong></span> <span class='ocrx_word' id='word_1_285' title='bbox 1860 1905 2063 1949; x_wconf 73' lang='lat' dir='ltr'><strong>penctre:</strong></span> 
     </span>
     <span class='ocr_line' id='line_1_26' title="bbox 426 1963 2064 2014; baseline -0.003 -10"><span class='ocrx_word' id='word_1_286' title='bbox 426 1978 506 2014; x_wconf 86' lang='lat' dir='ltr'><strong>par</strong></span> <span class='ocrx_word' id='word_1_287' title='bbox 540 1967 749 2012; x_wconf 85' lang='lat' dir='ltr'><strong>exemple‚</strong></span> <span class='ocrx_word' id='word_1_288' title='bbox 787 1966 821 2002; x_wconf 90' lang='lat' dir='ltr'><strong>si</strong></span> <span class='ocrx_word' id='word_1_289' title='bbox 855 1966 914 2002; x_wconf 90' lang='lat' dir='ltr'><strong>les</strong></span> <span class='ocrx_word' id='word_1_290' title='bbox 946 1966 1142 2001; x_wconf 83' lang='lat' dir='ltr'><strong>hommes</strong></span> <span class='ocrx_word' id='word_1_291' title='bbox 1175 1964 1338 2000; x_wconf 78' lang='lat' dir='ltr'><strong>animes</strong></span> <span class='ocrx_word' id='word_1_292' title='bbox 1371 1965 1429 1999; x_wconf 88' lang='lat' dir='ltr'><strong>du</strong></span> <span class='ocrx_word' id='word_1_293' title='bbox 1460 1964 1531 1999; x_wconf 80' lang='lat' dir='ltr'><strong>feu</strong></span> <span class='ocrx_word' id='word_1_294' title='bbox 1564 1963 1684 1999; x_wconf 87' lang='lat' dir='ltr'><strong>divin</strong></span> <span class='ocrx_word' id='word_1_295' title='bbox 1715 1966 1881 2000; x_wconf 82' lang='lat' dir='ltr'><strong>restent</strong></span> <span class='ocrx_word' id='word_1_296' title='bbox 1912 1973 2064 2009; x_wconf 87' lang='lat' dir='ltr'><strong>cepen-</strong></span> 
     </span>
     <span class='ocr_line' id='line_1_27' title="bbox 428 2023 2063 2070; baseline -0.004 -6"><span class='ocrx_word' id='word_1_297' title='bbox 428 2029 537 2064; x_wconf 87' lang='lat' dir='ltr'><strong>dant</strong></span> <span class='ocrx_word' id='word_1_298' title='bbox 568 2028 779 2069; x_wconf 88' lang='lat' dir='ltr'><strong>hommes,</strong></span> <span class='ocrx_word' id='word_1_299' title='bbox 800 2026 859 2061; x_wconf 83' lang='lat' dir='ltr'><strong>les</strong></span> <span class='ocrx_word' id='word_1_300' title='bbox 888 2028 1038 2068; x_wconf 87' lang='lat' dir='ltr'><strong>astres,</strong></span> <span class='ocrx_word' id='word_1_301' title='bbox 1067 2025 1141 2070; x_wconf 89' lang='lat' dir='ltr'><strong>qui</strong></span> <span class='ocrx_word' id='word_1_302' title='bbox 1165 2034 1216 2060; x_wconf 89' lang='lat' dir='ltr'><strong>en</strong></span> <span class='ocrx_word' id='word_1_303' title='bbox 1244 2027 1343 2059; x_wconf 87' lang='lat' dir='ltr'><strong>sont</strong></span> <span class='ocrx_word' id='word_1_304' title='bbox 1370 2033 1561 2068; x_wconf 86' lang='lat' dir='ltr'><strong>pourvus</strong></span> <span class='ocrx_word' id='word_1_305' title='bbox 1585 2023 1681 2068; x_wconf 93' lang='lat' dir='ltr'><strong>plus</strong></span> <span class='ocrx_word' id='word_1_306' title='bbox 1703 2024 2063 2064; x_wconf 86' lang='lat' dir='ltr'><strong>abondamment‚</strong></span> 
     </span>
     <span class='ocr_line' id='line_1_28' title="bbox 426 2081 2063 2129; baseline -0.004 -6"><span class='ocrx_word' id='word_1_307' title='bbox 426 2089 528 2123; x_wconf 87' lang='lat' dir='ltr'><strong>sont</strong></span> <span class='ocrx_word' id='word_1_308' title='bbox 562 2085 803 2123; x_wconf 81' lang='lat' dir='ltr'><strong>consideres</strong></span> <span class='ocrx_word' id='word_1_309' title='bbox 839 2095 1005 2121; x_wconf 89' lang='lat' dir='ltr'><strong>comme</strong></span> <span class='ocrx_word' id='word_1_310' title='bbox 1043 2085 1095 2120; x_wconf 92' lang='lat' dir='ltr'><strong>de</strong></span> <span class='ocrx_word' id='word_1_311' title='bbox 1127 2083 1359 2120; x_wconf 84' lang='lat' dir='ltr'><strong>veritables</strong></span> <span class='ocrx_word' id='word_1_312' title='bbox 1387 2083 1604 2118; x_wconf 83' lang='lat' dir='ltr'><strong>divinites.</strong></span> <span class='ocrx_word' id='word_1_313' title='bbox 1633 2084 1742 2129; x_wconf 86' lang='lat' dir='ltr'><strong>Voy.</strong></span> <span class='ocrx_word' id='word_1_314' title='bbox 1781 2081 1822 2118; x_wconf 89' lang='lat' dir='ltr'><strong>la</strong></span> <span class='ocrx_word' id='word_1_315' title='bbox 1855 2084 1958 2118; x_wconf 89' lang='lat' dir='ltr'><strong>note</strong></span> <span class='ocrx_word' id='word_1_316' title='bbox 1990 2091 2063 2118; x_wconf 89' lang='lat' dir='ltr'><strong>sur</strong></span> 
     </span>
     <span class='ocr_line' id='line_1_29' title="bbox 426 2141 2062 2191; baseline -0.003 -9"><span class='ocrx_word' id='word_1_317' title='bbox 426 2147 580 2182; x_wconf 83' lang='lat' dir='ltr'><strong>diuina</strong></span> <span class='ocrx_word' id='word_1_318' title='bbox 606 2146 686 2191; x_wconf 94' lang='lat' dir='ltr'><strong>(VI</strong></span> <span class='ocrx_word' id='word_1_319' title='bbox 714 2145 769 2190; x_wconf 90' lang='lat'><strong>8).</strong></span> <span class='ocrx_word' id='word_1_320' title='bbox 804 2166 858 2170; x_wconf 90' lang='lat'>—</span> <span class='ocrx_word' id='word_1_321' title='bbox 908 2145 1065 2180; x_wconf 84' lang='lat' dir='ltr'><strong>Fatum</strong></span> <span class='ocrx_word' id='word_1_322' title='bbox 1099 2147 1140 2179; x_wconf 86' lang='lat' dir='ltr'><strong>et</strong></span> <span class='ocrx_word' id='word_1_323' title='bbox 1174 2142 1456 2179; x_wconf 85' lang='lat' dir='ltr'><strong>immutabilis</strong></span> <span class='ocrx_word' id='word_1_324' title='bbox 1492 2152 1765 2178; x_wconf 81' lang='lat' dir='ltr'><strong>causarum...</strong></span> <span class='ocrx_word' id='word_1_325' title='bbox 1803 2141 1965 2178; x_wconf 85' lang='lat' dir='ltr'><strong>series:</strong></span> <span class='ocrx_word' id='word_1_326' title='bbox 2009 2152 2062 2178; x_wconf 84' lang='lat' dir='ltr'><strong>en</strong></span> 
     </span>
     <span class='ocr_line' id='line_1_30' title="bbox 424 2201 2062 2250; baseline -0.002 -8"><span class='ocrx_word' id='word_1_327' title='bbox 424 2206 546 2249; x_wconf 67' lang='lat' dir='ltr'><strong>esset,</strong></span> <span class='ocrx_word' id='word_1_328' title='bbox 572 2205 742 2250; x_wconf 81' lang='lat' dir='ltr'><strong>d&#39;apres</strong></span> <span class='ocrx_word' id='word_1_329' title='bbox 765 2204 825 2239; x_wconf 86' lang='lat' dir='ltr'><strong>les</strong></span> <span class='ocrx_word' id='word_1_330' title='bbox 850 2203 1068 2246; x_wconf 74' lang='lat' dir='ltr'><strong>stoicienS‚</strong></span> <span class='ocrx_word' id='word_1_331' title='bbox 1101 2203 1140 2239; x_wconf 88' lang='lat' dir='ltr'><strong>le</strong></span> <span class='ocrx_word' id='word_1_332' title='bbox 1180 2202 1333 2238; x_wconf 87' lang='lat' dir='ltr'><strong>Destin</strong></span> <span class='ocrx_word' id='word_1_333' title='bbox 1373 2204 1416 2238; x_wconf 88' lang='lat' dir='ltr'><strong>et</strong></span> <span class='ocrx_word' id='word_1_334' title='bbox 1456 2201 1565 2237; x_wconf 91' lang='lat' dir='ltr'><strong>Dieu</strong></span> <span class='ocrx_word' id='word_1_335' title='bbox 1604 2204 1703 2238; x_wconf 86' lang='lat' dir='ltr'><strong>sont</strong></span> <span class='ocrx_word' id='word_1_336' title='bbox 1742 2211 1826 2237; x_wconf 90' lang='lat' dir='ltr'><strong>une</strong></span> <span class='ocrx_word' id='word_1_337' title='bbox 1864 2201 1980 2237; x_wconf 84' lang='lat' dir='ltr'><strong>seule</strong></span> <span class='ocrx_word' id='word_1_338' title='bbox 2018 2204 2062 2238; x_wconf 88' lang='lat' dir='ltr'><strong>et</strong></span> 
     </span>
     <span class='ocr_line' id='line_1_31' title="bbox 429 2261 2060 2307; baseline -0.003 -6"><span class='ocrx_word' id='word_1_339' title='bbox 429 2267 569 2302; x_wconf 75' lang='lat' dir='ltr'><strong>meme</strong></span> <span class='ocrx_word' id='word_1_340' title='bbox 591 2265 732 2307; x_wconf 84' lang='lat' dir='ltr'><strong>chose,</strong></span> <span class='ocrx_word' id='word_1_341' title='bbox 762 2263 815 2299; x_wconf 86' lang='lat' dir='ltr'><strong>cf.</strong></span> <span class='ocrx_word' id='word_1_342' title='bbox 844 2263 1012 2305; x_wconf 74' lang='lat' dir='ltr'><strong>Aetius,</strong></span> <span class='ocrx_word' id='word_1_343' title='bbox 1040 2263 1154 2299; x_wconf 82' lang='lat' dir='ltr'><strong>Plac.</strong></span> <span class='ocrx_word' id='word_1_344' title='bbox 1176 2262 1333 2298; x_wconf 77' lang='lat' dir='ltr'><strong>Philos.</strong></span> <span class='ocrx_word' id='word_1_345' title='bbox 1358 2262 1375 2297; x_wconf 95' lang='lat' dir='ltr'>I</span> <span class='ocrx_word' id='word_1_346' title='bbox 1392 2262 1459 2304; x_wconf 89' lang='lat'><strong>27,</strong></span> <span class='ocrx_word' id='word_1_347' title='bbox 1478 2262 1501 2297; x_wconf 88' lang='lat'>6</span> <span class='ocrx_word' id='word_1_348' title='bbox 1519 2261 1578 2306; x_wconf 93' lang='lat' dir='ltr'><strong>(p.</strong></span> <span class='ocrx_word' id='word_1_349' title='bbox 1599 2262 1706 2297; x_wconf 80' lang='lat' dir='ltr'><strong>322b</strong></span> <span class='ocrx_word' id='word_1_350' title='bbox 1726 2261 1861 2306; x_wconf 87' lang='lat' dir='ltr'><strong>Diels)</strong></span> <span class='ocrx_word' id='word_1_351' title='bbox 1890 2261 2060 2306; x_wconf 90' lang='lat' dir='ltr'><strong>(Arnim</strong></span> 
     </span>
     <span class='ocr_line' id='line_1_32' title="bbox 428 2323 2063 2370; baseline -0.003 -10"><span class='ocrx_word' id='word_1_352' title='bbox 428 2325 496 2360; x_wconf 90' lang='lat' dir='ltr'><strong>III</strong></span> <span class='ocrx_word' id='word_1_353' title='bbox 527 2325 682 2370; x_wconf 77' lang='lat' dir='ltr'>§35,p.</span> <span class='ocrx_word' id='word_1_354' title='bbox 704 2323 827 2365; x_wconf 71' lang='lat'>249):</span> <span class='ocrx_word' id='word_1_355' title='bbox 866 2327 1112 2369; x_wconf 80' lang='grc' dir='ltr'>«Ἀντίπατρος</span> <span class='ocrx_word' id='word_1_356' title='bbox 1145 2327 1162 2358; x_wconf 89' lang='grc' dir='ltr'>ὁ</span> <span class='ocrx_word' id='word_1_357' title='bbox 1199 2326 1341 2364; x_wconf 79' lang='grc' dir='ltr'><em>Στωϊκὸς</em></span> <span class='ocrx_word' id='word_1_358' title='bbox 1375 2326 1452 2358; x_wconf 87' lang='grc' dir='ltr'><strong>θεὸν</strong></span> <span class='ocrx_word' id='word_1_359' title='bbox 1483 2324 1679 2367; x_wconf 76' lang='grc' dir='ltr'><em>ἀπεφαίνετο</em></span> <span class='ocrx_word' id='word_1_360' title='bbox 1715 2327 1774 2365; x_wconf 71' lang='grc' dir='ltr'><strong>τὴν</strong></span> <span class='ocrx_word' id='word_1_361' title='bbox 1810 2325 2022 2368; x_wconf 79' lang='grc' dir='ltr'><em>εἱμαρμένην.</em></span> <span class='ocrx_word' id='word_1_362' title='bbox 2048 2332 2063 2355; x_wconf 82' lang='grc'><strong><em>»</em></strong></span> 
     </span>
     <span class='ocr_line' id='line_1_33' title="bbox 425 2380 2060 2429; baseline -0.003 -8"><span class='ocrx_word' id='word_1_363' title='bbox 425 2384 539 2421; x_wconf 88' lang='lat' dir='ltr'><strong>C&#39;est</strong></span> <span class='ocrx_word' id='word_1_364' title='bbox 561 2384 671 2419; x_wconf 89' lang='lat' dir='ltr'><strong>Dieu</strong></span> <span class='ocrx_word' id='word_1_365' title='bbox 692 2384 766 2429; x_wconf 87' lang='lat' dir='ltr'><strong>qui</strong></span> <span class='ocrx_word' id='word_1_366' title='bbox 787 2395 812 2420; x_wconf 87' lang='lat' dir='ltr'><strong>a</strong></span> <span class='ocrx_word' id='word_1_367' title='bbox 830 2383 918 2419; x_wconf 85' lang='lat' dir='ltr'><strong>fixe&#39;</strong></span> <span class='ocrx_word' id='word_1_368' title='bbox 937 2384 995 2419; x_wconf 86' lang='lat' dir='ltr'><strong>les</strong></span> <span class='ocrx_word' id='word_1_369' title='bbox 1015 2382 1093 2418; x_wconf 90' lang='lat' dir='ltr'><strong>lois</strong></span> <span class='ocrx_word' id='word_1_370' title='bbox 1115 2383 1172 2418; x_wconf 91' lang='lat' dir='ltr'><strong>du</strong></span> <span class='ocrx_word' id='word_1_371' title='bbox 1193 2381 1347 2418; x_wconf 87' lang='lat' dir='ltr'><strong>Destin</strong></span> <span class='ocrx_word' id='word_1_372' title='bbox 1369 2392 1377 2417; x_wconf 92' lang='lat'>:</span> <span class='ocrx_word' id='word_1_373' title='bbox 1400 2393 1414 2415; x_wconf 90' lang='lat'><strong>&lt;‹</strong></span> <span class='ocrx_word' id='word_1_374' title='bbox 1441 2381 1514 2417; x_wconf 91' lang='lat' dir='ltr'><strong>Ille</strong></span> <span class='ocrx_word' id='word_1_375' title='bbox 1533 2381 1624 2426; x_wconf 91' lang='lat' dir='ltr'><strong>ipse</strong></span> <span class='ocrx_word' id='word_1_376' title='bbox 1645 2380 1840 2416; x_wconf 87' lang='lat' dir='ltr'><strong>omnium</strong></span> <span class='ocrx_word' id='word_1_377' title='bbox 1860 2380 2060 2416; x_wconf 91' lang='lat' dir='ltr'><strong>conditor</strong></span> 
     </span>
     <span class='ocr_line' id='line_1_34' title="bbox 422 2439 2061 2488; baseline -0.002 -9"><span class='ocrx_word' id='word_1_378' title='bbox 422 2446 468 2480; x_wconf 89' lang='lat' dir='ltr'><strong>et</strong></span> <span class='ocrx_word' id='word_1_379' title='bbox 501 2446 643 2479; x_wconf 78' lang='lat' dir='ltr'><strong>rector</strong></span> <span class='ocrx_word' id='word_1_380' title='bbox 677 2443 849 2488; x_wconf 85' lang='lat' dir='ltr'><strong>scripsit</strong></span> <span class='ocrx_word' id='word_1_381' title='bbox 884 2443 1060 2488; x_wconf 87' lang='lat' dir='ltr'><strong>quidem</strong></span> <span class='ocrx_word' id='word_1_382' title='bbox 1094 2442 1188 2478; x_wconf 84' lang='lat' dir='ltr'><strong>fata</strong></span> <span class='ocrx_word' id='word_1_383' title='bbox 1211 2454 1226 2475; x_wconf 91' lang='lat'>»</span> <span class='ocrx_word' id='word_1_384' title='bbox 1285 2442 1369 2487; x_wconf 87' lang='lat' dir='ltr'><strong>(De</strong></span> <span class='ocrx_word' id='word_1_385' title='bbox 1404 2441 1576 2478; x_wconf 80' lang='lat' dir='ltr'><strong>Prouid.</strong></span> <span class='ocrx_word' id='word_1_386' title='bbox 1612 2441 1650 2476; x_wconf 93' lang='lat' dir='ltr'>V</span> <span class='ocrx_word' id='word_1_387' title='bbox 1684 2440 1741 2485; x_wconf 85' lang='lat'><strong>8),</strong></span> <span class='ocrx_word' id='word_1_388' title='bbox 1787 2442 1830 2476; x_wconf 85' lang='lat' dir='ltr'><strong>et</strong></span> <span class='ocrx_word' id='word_1_389' title='bbox 1872 2439 2061 2476; x_wconf 87' lang='lat' dir='ltr'><strong>l&#39;auteur</strong></span> 
     </span>
     <span class='ocr_line' id='line_1_35' title="bbox 423 2498 2056 2548; baseline -0.002 -10"><span class='ocrx_word' id='word_1_390' title='bbox 423 2503 575 2548; x_wconf 86' lang='lat' dir='ltr'><strong>ajoute</strong></span> <span class='ocrx_word' id='word_1_391' title='bbox 602 2513 616 2536; x_wconf 92' lang='lat'>«</span> <span class='ocrx_word' id='word_1_392' title='bbox 637 2503 707 2538; x_wconf 82' lang='lat' dir='ltr'><strong>sed</strong></span> <span class='ocrx_word' id='word_1_393' title='bbox 732 2503 919 2548; x_wconf 81' lang='lat' dir='ltr'><strong>sequitur</strong></span> <span class='ocrx_word' id='word_1_394' title='bbox 941 2514 969 2546; x_wconf 91' lang='lat'><strong>»‚</strong></span> <span class='ocrx_word' id='word_1_395' title='bbox 996 2511 1068 2537; x_wconf 83' lang='lat' dir='ltr'><strong>car</strong></span> <span class='ocrx_word' id='word_1_396' title='bbox 1092 2501 1121 2536; x_wconf 90' lang='lat' dir='ltr'><strong>il</strong></span> <span class='ocrx_word' id='word_1_397' title='bbox 1137 2501 1219 2536; x_wconf 68' lang='lat' dir='ltr'><strong>‘n’a</strong></span> <span class='ocrx_word' id='word_1_398' title='bbox 1243 2501 1334 2536; x_wconf 90' lang='lat' dir='ltr'><strong>rien</strong></span> <span class='ocrx_word' id='word_1_399' title='bbox 1361 2501 1500 2536; x_wconf 76' lang='lat' dir='ltr'><strong>arrete</strong></span> <span class='ocrx_word' id='word_1_400' title='bbox 1527 2499 1601 2545; x_wconf 86' lang='lat' dir='ltr'><strong>qui</strong></span> <span class='ocrx_word' id='word_1_401' title='bbox 1627 2509 1680 2535; x_wconf 89' lang='lat' dir='ltr'><strong>ne</strong></span> <span class='ocrx_word' id='word_1_402' title='bbox 1705 2499 1775 2536; x_wconf 73' lang='lat' dir='ltr'><strong>fut</strong></span> <span class='ocrx_word' id='word_1_403' title='bbox 1800 2498 1978 2544; x_wconf 83' lang='lat' dir='ltr'><strong>parfait,</strong></span> <span class='ocrx_word' id='word_1_404' title='bbox 2002 2499 2056 2535; x_wconf 82' lang='lat' dir='ltr'><strong>cf.</strong></span> 
     </span>
     <span class='ocr_line' id='line_1_36' title="bbox 428 2559 2059 2606; baseline -0.002 -8"><span class='ocrx_word' id='word_1_405' title='bbox 428 2564 489 2599; x_wconf 87' lang='lat' dir='ltr'><strong>De</strong></span> <span class='ocrx_word' id='word_1_406' title='bbox 522 2562 626 2598; x_wconf 82' lang='lat' dir='ltr'><strong>Ben.</strong></span> <span class='ocrx_word' id='word_1_407' title='bbox 659 2562 720 2597; x_wconf 93' lang='lat' dir='ltr'><strong>VI</strong></span> <span class='ocrx_word' id='word_1_408' title='bbox 751 2563 817 2605; x_wconf 83' lang='lat'><strong>23,</strong></span> <span class='ocrx_word' id='word_1_409' title='bbox 851 2562 946 2597; x_wconf 83' lang='lat'>1-2:</span> <span class='ocrx_word' id='word_1_410' title='bbox 980 2573 994 2595; x_wconf 93' lang='lat'>«</span> <span class='ocrx_word' id='word_1_411' title='bbox 1016 2562 1260 2598; x_wconf 77' lang='lat' dir='ltr'><strong>statuerunt</strong></span> <span class='ocrx_word' id='word_1_412' title='bbox 1288 2560 1408 2606; x_wconf 90' lang='lat' dir='ltr'><strong>(dei),</strong></span> <span class='ocrx_word' id='word_1_413' title='bbox 1439 2570 1541 2605; x_wconf 82' lang='lat' dir='ltr'><strong>quae</strong></span> <span class='ocrx_word' id='word_1_414' title='bbox 1570 2569 1654 2594; x_wconf 82' lang='lat' dir='ltr'><strong>non</strong></span> <span class='ocrx_word' id='word_1_415' title='bbox 1684 2560 1936 2595; x_wconf 75' lang='lat' dir='ltr'><strong>mutarent...</strong></span> <span class='ocrx_word' id='word_1_416' title='bbox 1969 2559 2059 2594; x_wconf 87' lang='lat' dir='ltr'><strong>Nec</strong></span> 
     </span>
     <span class='ocr_line' id='line_1_37' title="bbox 421 2618 2060 2666; baseline -0.002 -9"><span class='ocrx_word' id='word_1_417' title='bbox 421 2621 711 2657; x_wconf 86' lang='lat' dir='ltr'><strong>inbecillitate</strong></span> <span class='ocrx_word' id='word_1_418' title='bbox 741 2624 1014 2666; x_wconf 84' lang='lat' dir='ltr'><strong>permanent,</strong></span> <span class='ocrx_word' id='word_1_419' title='bbox 1045 2621 1120 2656; x_wconf 91' lang='lat' dir='ltr'><strong>sed</strong></span> <span class='ocrx_word' id='word_1_420' title='bbox 1151 2619 1253 2665; x_wconf 87' lang='lat' dir='ltr'><strong>quia</strong></span> <span class='ocrx_word' id='word_1_421' title='bbox 1282 2630 1366 2655; x_wconf 83' lang='lat' dir='ltr'><strong>non</strong></span> <span class='ocrx_word' id='word_1_422' title='bbox 1396 2620 1494 2654; x_wconf 86' lang='lat' dir='ltr'><strong>libet</strong></span> <span class='ocrx_word' id='word_1_423' title='bbox 1523 2619 1576 2654; x_wconf 81' lang='lat' dir='ltr'><strong>ab</strong></span> <span class='ocrx_word' id='word_1_424' title='bbox 1609 2618 1781 2664; x_wconf 83' lang='lat' dir='ltr'><strong>optimis</strong></span> <span class='ocrx_word' id='word_1_425' title='bbox 1815 2618 2017 2654; x_wconf 80' lang='lat' dir='ltr'><strong>aberrare.</strong></span> <span class='ocrx_word' id='word_1_426' title='bbox 2044 2629 2060 2651; x_wconf 86' lang='lat'><strong>»</strong></span> 
     </span>
     <span class='ocr_line' id='line_1_38' title="bbox 424 2677 2056 2725; baseline -0.003 -8"><span class='ocrx_word' id='word_1_427' title='bbox 424 2682 482 2717; x_wconf 94' lang='lat' dir='ltr'><strong>Le</strong></span> <span class='ocrx_word' id='word_1_428' title='bbox 509 2680 663 2717; x_wconf 86' lang='lat' dir='ltr'><strong>Destin</strong></span> <span class='ocrx_word' id='word_1_429' title='bbox 686 2681 799 2716; x_wconf 85' lang='lat' dir='ltr'><strong>n&#39;est</strong></span> <span class='ocrx_word' id='word_1_430' title='bbox 823 2689 899 2725; x_wconf 84' lang='lat' dir='ltr'><strong>pas</strong></span> <span class='ocrx_word' id='word_1_431' title='bbox 923 2680 961 2716; x_wconf 91' lang='lat' dir='ltr'><strong>le</strong></span> <span class='ocrx_word' id='word_1_432' title='bbox 985 2680 1075 2716; x_wconf 90' lang='lat' dir='ltr'><strong>seul</strong></span> <span class='ocrx_word' id='word_1_433' title='bbox 1098 2689 1200 2715; x_wconf 88' lang='lat' dir='ltr'><strong>nom</strong></span> <span class='ocrx_word' id='word_1_434' title='bbox 1224 2689 1307 2724; x_wconf 87' lang='lat' dir='ltr'><strong>que</strong></span> <span class='ocrx_word' id='word_1_435' title='bbox 1330 2679 1388 2715; x_wconf 89' lang='lat' dir='ltr'><strong>les</strong></span> <span class='ocrx_word' id='word_1_436' title='bbox 1413 2678 1615 2714; x_wconf 75' lang='lat' dir='ltr'><strong>stoiciens</strong></span> <span class='ocrx_word' id='word_1_437' title='bbox 1641 2678 1836 2713; x_wconf 84' lang='lat' dir='ltr'><strong>donnent</strong></span> <span class='ocrx_word' id='word_1_438' title='bbox 1860 2678 1885 2713; x_wconf 76' lang='lat' dir='ltr'><strong>a</strong></span> <span class='ocrx_word' id='word_1_439' title='bbox 1910 2677 2021 2713; x_wconf 89' lang='lat' dir='ltr'><strong>Dieu</strong></span> <span class='ocrx_word' id='word_1_440' title='bbox 2046 2687 2056 2720; x_wconf 93' lang='lat'>;</span> 
     </span>
     <span class='ocr_line' id='line_1_39' title="bbox 422 2736 2056 2786; baseline -0.003 -10"><span class='ocrx_word' id='word_1_441' title='bbox 422 2750 533 2786; x_wconf 90' lang='lat' dir='ltr'><strong>pour</strong></span> <span class='ocrx_word' id='word_1_442' title='bbox 552 2750 650 2784; x_wconf 85' lang='lat' dir='ltr'><strong>eux,</strong></span> <span class='ocrx_word' id='word_1_443' title='bbox 670 2739 699 2775; x_wconf 93' lang='lat' dir='ltr'><strong>il</strong></span> <span class='ocrx_word' id='word_1_444' title='bbox 719 2742 783 2775; x_wconf 84' lang='lat' dir='ltr'><strong>est</strong></span> <span class='ocrx_word' id='word_1_445' title='bbox 801 2742 901 2776; x_wconf 86' lang='lat' dir='ltr'><strong>tout</strong></span> <span class='ocrx_word' id='word_1_446' title='bbox 922 2740 945 2775; x_wconf 78' lang='lat' dir='ltr'><strong>a</strong></span> <span class='ocrx_word' id='word_1_447' title='bbox 963 2739 1006 2774; x_wconf 90' lang='grc'><strong>13</strong></span> <span class='ocrx_word' id='word_1_448' title='bbox 1023 2738 1103 2775; x_wconf 81' lang='lat' dir='ltr'><strong>fois</strong></span> <span class='ocrx_word' id='word_1_449' title='bbox 1126 2749 1134 2774; x_wconf 74' lang='grc' dir='ltr'><strong>ε</strong></span> <span class='ocrx_word' id='word_1_450' title='bbox 1154 2739 1193 2774; x_wconf 96' lang='grc' dir='ltr'><strong>1θ</strong></span> <span class='ocrx_word' id='word_1_451' title='bbox 1214 2739 1432 2781; x_wconf 82' lang='lat' dir='ltr'><strong>Createur,</strong></span> <span class='ocrx_word' id='word_1_452' title='bbox 1451 2737 1490 2773; x_wconf 94' lang='lat' dir='ltr'><strong>le</strong></span> <span class='ocrx_word' id='word_1_453' title='bbox 1511 2737 1675 2773; x_wconf 84' lang='lat' dir='ltr'><strong>Souffle</strong></span> <span class='ocrx_word' id='word_1_454' title='bbox 1694 2736 1806 2782; x_wconf 83' lang='lat' dir='ltr'><strong>igne,</strong></span> <span class='ocrx_word' id='word_1_455' title='bbox 1825 2736 1864 2772; x_wconf 89' lang='lat' dir='ltr'><strong>le</strong></span> <span class='ocrx_word' id='word_1_456' title='bbox 1886 2736 2056 2780; x_wconf 89' lang='lat' dir='ltr'><strong>Destin,</strong></span> 
     </span>
     <span class='ocr_line' id='line_1_40' title="bbox 420 2795 2057 2843; baseline -0.002 -8"><span class='ocrx_word' id='word_1_457' title='bbox 420 2800 463 2835; x_wconf 90' lang='grc'><strong>13</strong></span> <span class='ocrx_word' id='word_1_458' title='bbox 489 2800 770 2843; x_wconf 87' lang='lat' dir='ltr'><strong>Providence,</strong></span> <span class='ocrx_word' id='word_1_459' title='bbox 794 2798 836 2834; x_wconf 92' lang='grc'><strong>13</strong></span> <span class='ocrx_word' id='word_1_460' title='bbox 861 2799 1041 2842; x_wconf 87' lang='lat' dir='ltr'><strong>Nature,</strong></span> <span class='ocrx_word' id='word_1_461' title='bbox 1065 2798 1104 2834; x_wconf 92' lang='lat' dir='ltr'><strong>le</strong></span> <span class='ocrx_word' id='word_1_462' title='bbox 1130 2799 1287 2834; x_wconf 85' lang='lat' dir='ltr'><strong>Monde</strong></span> <span class='ocrx_word' id='word_1_463' title='bbox 1311 2798 1429 2843; x_wconf 82' lang='lat' dir='ltr'><strong>(Nat.</strong></span> <span class='ocrx_word' id='word_1_464' title='bbox 1457 2798 1620 2842; x_wconf 82' lang='lat' dir='ltr'><strong>Quaest.</strong></span> <span class='ocrx_word' id='word_1_465' title='bbox 1652 2797 1694 2832; x_wconf 94' lang='lat' dir='ltr'><strong>II</strong></span> <span class='ocrx_word' id='word_1_466' title='bbox 1719 2797 1786 2840; x_wconf 84' lang='lat'><strong>45,</strong></span> <span class='ocrx_word' id='word_1_467' title='bbox 1811 2795 1865 2831; x_wconf 79' lang='lat' dir='ltr'><strong>cf.</strong></span> <span class='ocrx_word' id='word_1_468' title='bbox 1893 2795 2057 2832; x_wconf 90' lang='lat' dir='ltr'><strong>Lucain</strong></span> 
     </span>
     <span class='ocr_line' id='line_1_41' title="bbox 426 2855 2058 2904; baseline -0.003 -9"><span class='ocrx_word' id='word_1_469' title='bbox 426 2860 491 2895; x_wconf 93' lang='lat' dir='ltr'><strong>IX</strong></span> <span class='ocrx_word' id='word_1_470' title='bbox 525 2859 638 2904; x_wconf 82' lang='lat'><strong>580),</strong></span> <span class='ocrx_word' id='word_1_471' title='bbox 672 2868 744 2895; x_wconf 89' lang='lat' dir='ltr'><strong>car</strong></span> <span class='ocrx_word' id='word_1_472' title='bbox 778 2869 793 2893; x_wconf 93' lang='lat'>«</span> <span class='ocrx_word' id='word_1_473' title='bbox 814 2859 957 2894; x_wconf 76' lang='lat' dir='ltr'><strong>omnia</strong></span> <span class='ocrx_word' id='word_1_474' title='bbox 990 2858 1173 2893; x_wconf 80' lang='lat' dir='ltr'><strong>eiusdem</strong></span> <span class='ocrx_word' id='word_1_475' title='bbox 1206 2858 1271 2893; x_wconf 80' lang='lat' dir='ltr'><strong>dei</strong></span> <span class='ocrx_word' id='word_1_476' title='bbox 1303 2857 1478 2893; x_wconf 80' lang='lat' dir='ltr'><strong>nomina</strong></span> <span class='ocrx_word' id='word_1_477' title='bbox 1510 2858 1608 2892; x_wconf 86' lang='lat' dir='ltr'><strong>sunt</strong></span> <span class='ocrx_word' id='word_1_478' title='bbox 1642 2855 1759 2891; x_wconf 81' lang='lat' dir='ltr'><strong>uarie</strong></span> <span class='ocrx_word' id='word_1_479' title='bbox 1794 2855 1945 2891; x_wconf 84' lang='lat' dir='ltr'><strong>utentis</strong></span> <span class='ocrx_word' id='word_1_480' title='bbox 1977 2865 2058 2891; x_wconf 83' lang='lat' dir='ltr'><strong>sua</strong></span> 
     </span>
     <span class='ocr_line' id='line_1_42' title="bbox 421 2913 2054 2965; baseline -0.003 -10"><span class='ocrx_word' id='word_1_481' title='bbox 421 2921 628 2965; x_wconf 78' lang='lat' dir='ltr'><strong>potestate.</strong></span> <span class='ocrx_word' id='word_1_482' title='bbox 655 2930 669 2952; x_wconf 86' lang='lat'>»</span> <span class='ocrx_word' id='word_1_483' title='bbox 687 2919 772 2964; x_wconf 88' lang='lat' dir='ltr'><strong>(De</strong></span> <span class='ocrx_word' id='word_1_484' title='bbox 793 2918 895 2954; x_wconf 83' lang='lat' dir='ltr'><strong>Ben.</strong></span> <span class='ocrx_word' id='word_1_485' title='bbox 921 2918 979 2953; x_wconf 94' lang='lat' dir='ltr'><strong>IV</strong></span> <span class='ocrx_word' id='word_1_486' title='bbox 998 2918 1035 2960; x_wconf 87' lang='lat'><strong>8,</strong></span> <span class='ocrx_word' id='word_1_487' title='bbox 1055 2917 1098 2962; x_wconf 90' lang='lat'><strong>3)</strong></span> <span class='ocrx_word' id='word_1_488' title='bbox 1122 2927 1131 2959; x_wconf 92' lang='grc'>;</span> <span class='ocrx_word' id='word_1_489' title='bbox 1151 2916 1204 2952; x_wconf 83' lang='lat' dir='ltr'><strong>cf.</strong></span> <span class='ocrx_word' id='word_1_490' title='bbox 1226 2927 1378 2952; x_wconf 89' lang='lat' dir='ltr'><strong>encore</strong></span> <span class='ocrx_word' id='word_1_491' title='bbox 1403 2918 1464 2953; x_wconf 92' lang='lat' dir='ltr'><strong>De</strong></span> <span class='ocrx_word' id='word_1_492' title='bbox 1485 2916 1587 2951; x_wconf 82' lang='lat' dir='ltr'><strong>Ben.</strong></span> <span class='ocrx_word' id='word_1_493' title='bbox 1613 2916 1685 2958; x_wconf 93' lang='lat' dir='ltr'><strong>IV,</strong></span> <span class='ocrx_word' id='word_1_494' title='bbox 1705 2915 1775 2951; x_wconf 88' lang='lat'><strong>7-8</strong></span> <span class='ocrx_word' id='word_1_495' title='bbox 1794 2915 1866 2960; x_wconf 90' lang='lat' dir='ltr'><strong>(en</strong></span> <span class='ocrx_word' id='word_1_496' title='bbox 1884 2913 2054 2960; x_wconf 89' lang='lat' dir='ltr'><strong>entier).</strong></span> 
     </span>
     <span class='ocr_line' id='line_1_43' title="bbox 419 2974 2058 3024; baseline -0.003 -10"><span class='ocrx_word' id='word_1_497' title='bbox 419 2999 476 3005; x_wconf 95' lang='lat'><strong>--</strong></span> <span class='ocrx_word' id='word_1_498' title='bbox 530 2977 744 3014; x_wconf 80' lang='lat' dir='ltr'><strong>Vilissima</strong></span> <span class='ocrx_word' id='word_1_499' title='bbox 776 2987 970 3024; x_wconf 85' lang='lat' dir='ltr'><strong>quaeque</strong></span> <span class='ocrx_word' id='word_1_500' title='bbox 1003 2987 1012 3012; x_wconf 76' lang='grc' dir='ltr'><strong>ε</strong></span> <span class='ocrx_word' id='word_1_501' title='bbox 1046 2978 1147 3013; x_wconf 90' lang='lat' dir='ltr'><strong>tout</strong></span> <span class='ocrx_word' id='word_1_502' title='bbox 1180 2987 1226 3012; x_wconf 91' lang='lat' dir='ltr'><strong>ce</strong></span> <span class='ocrx_word' id='word_1_503' title='bbox 1260 2976 1333 3022; x_wconf 88' lang='lat' dir='ltr'><strong>qui</strong></span> <span class='ocrx_word' id='word_1_504' title='bbox 1366 2976 1478 3012; x_wconf 87' lang='lat' dir='ltr'><strong>n’est</strong></span> <span class='ocrx_word' id='word_1_505' title='bbox 1511 2984 1587 3020; x_wconf 89' lang='lat' dir='ltr'><strong>pas</strong></span> <span class='ocrx_word' id='word_1_506' title='bbox 1620 2975 1658 3010; x_wconf 92' lang='lat' dir='ltr'><strong>le</strong></span> <span class='ocrx_word' id='word_1_507' title='bbox 1692 2974 1806 3018; x_wconf 88' lang='lat' dir='ltr'><strong>bien,</strong></span> <span class='ocrx_word' id='word_1_508' title='bbox 1839 2974 1880 3010; x_wconf 90' lang='lat' dir='ltr'><strong>la</strong></span> <span class='ocrx_word' id='word_1_509' title='bbox 1912 2975 2058 3018; x_wconf 85' lang='lat' dir='ltr'><strong>vertu,</strong></span> 
     </span>
    </p>
   </div>
  </div>
 </body>
</html>
