2154 3377
401 174 463 204 An
492 172 711 204 numum
741 170 941 202 MATREM
973 170 1034 201 nr:
1061 170 1441 209 (20Nsoi„2xrio>11·3,
1475 172 1484 201 1
1737 162 1765 204 3

131 303 239 334 nam
268 291 315 333 iu
346 291 521 333 morbis
549 302 734 346 quoqu(¹
768 288 880 330 nihil
907 291 980 330 est
1009 288 1312 344 perniciosius
1342 300 1482 344 quain
1515 289 1766 333 immatura

130 362 360 406 medicina
385 376 398 410 ;
425 360 736 418 expectabam
768 360 944 415 itaque,
975 360 1089 401 dum
1119 359 1216 415 ipse
1247 359 1368 400 uires
1397 371 1505 400 suas
1536 360 1771 414 frangeret

128 435 179 475 et
201 433 263 476 ad
290 431 566 475 sustinenda
595 431 799 474 remedia
829 442 957 472 mora
988 430 1233 485 mitigatus
1260 430 1389 484 tangi
1418 444 1464 471 se
1492 443 1549 472 ao
1575 433 1769 474 tractari

129 506 387 560 pateretur.
433 504 677 546 Praeterea
723 514 827 543 oum
871 501 1027 543 omnia
1074 501 1435 543 clarissimorum
1480 501 1769 556 ingeniorum

130 574 420 617 monimenta
441 574 500 616 ad
523 572 886 628 compescendos
908 572 1312 627 moderandosque
1336 572 1490 614 luctus
1511 573 1771 628 composita

127 645 410 689 euoluerem.
452 656 543 685 non
584 643 882 686 inueniebam
920 643 1189 698 exemplum
1228 643 1342 689 eius,
1384 643 1462 698 qui
1503 643 1773 686 consolatus

130 729 239 759 suos
270 720 408 762 esset,
444 728 549 758 cum
587 715 682 771 ipse
716 714 776 756 ab
813 714 900 756 illis
934 714 1304 769 complorareiui·
1342 729 1350 755 ε
1387 715 1450 756 ita
1487 714 1532 756 in
1568 728 1613 757 re.
1649 727 1771 757 noua

133 882 224 926 (Ad
246 882 385 928 Apoll.
410 882 488 917 112
507 882 571 926 C),
590 882 642 916 (1(-
660 881 774 917 saint
791 881 963 916 Jerome
982 880 1086 926 (Ep.
1109 880 1252 915 LXVI
1274 881 1329 925 1),
1369 880 1485 915 curin
1506 881 1558 916 de
1577 881 1772 926 Seneque

133 941 354 978 lui-meme
389 942 496 976 dans
531 951 578 976 sa
614 941 882 976 Consolation
917 940 941 975 ὰ
979 939 1148 976 Marcia
1181 940 1221 984 (I
1256 940 1298 981 8)
1334 942 1376 975 et
1412 939 1581 975 ailleurs
1617 950 1768 976 encore

133 1001 237 1047 (Ep.
270 1001 425 1037 LXIII
457 1001 540 1045 13).
574 999 792 1045 Pourquoi
823 999 876 1034 ici
906 998 1023 1035 est-il
1053 998 1157 1034 d'un
1189 1000 1313 1034 autre
1343 999 1435 1033 avis
1467 1000 1486 1034 ‘2
1519 1001 1573 1035 M.
1607 1000 1771 1036 Gercke

133 1062 219 1105 (De
258 1060 452 1096 consolat.
485 1070 526 1104 p.
558 1059 628 1103 42)
658 1066 787 1103 pense
817 1068 901 1103 que
933 1058 1039 1093 c’est
1068 1066 1177 1102 pour
1206 1058 1328 1092 avoir
1357 1057 1394 1093 le
1427 1061 1566 1103 temps
1597 1059 1648 1094 de
1677 1059 1770 1098 lire,

134 1123 177 1155 et
206 1120 260 1156 de
288 1128 500 1155 ramasser
527 1119 586 1155 les
615 1121 865 1163 arguments
894 1117 1151 1153 neces-saites
1177 1128 1186 1157 ;
1215 1116 1244 1152 il
1272 1127 1325 1152 ne
1355 1116 1464 1152 croit
1492 1126 1570 1161 pas
1601 1128 1683 1164 que
1712 1119 1770 1154 les

134 1179 299 1214 raisons
326 1189 410 1225 que
437 1179 578 1214 donne
606 1178 801 1222 Seneque
827 1177 968 1212 soient
994 1176 1148 1219 vraies,
1177 1179 1220 1212 et
1246 1175 1275 1210 il
1303 1176 1450 1221 ajoute
1481 1187 1488 1210 :
1519 1187 1533 1210 «
1555 1178 1598 1213 Si
1625 1178 1771 1222 potuit

135 1237 243 1281 lieri,
271 1237 455 1274 forsitan
481 1237 525 1272 in
554 1237 845 1273 Consolatione
871 1237 925 1271 ad
954 1236 1178 1282 Polybium
1204 1235 1382 1272 tertiam
1409 1235 1575 1272 iniisset
1602 1237 1733 1272 uiam.
1759 1248 1774 1270 ι

140 1297 173 1333 11
200 1306 228 1343 y
256 1307 296 1340 a,
323 1297 365 1342 ie
393 1296 516 1339 crois,
546 1297 738 1332 (l'autres
767 1295 932 1331 raisons
962 1296 1057 1340 plus
1086 1295 1319 1340 protondes
1348 1297 1392 1330 et
1420 1295 1516 1339 plus
1544 1296 1772 1341 psycholo-

135 1356 284 1403 giques
315 1367 323 1392 :
354 1356 553 1399 d'abord‚
580 1356 622 1391 13
650 1355 858 1392 necessite
887 1355 1024 1401 d’agir
1052 1355 1375 1390 differemment
1403 1354 1581 1391 suivant
1608 1355 1668 1390 les
1697 1355 1774 1390 cir-

137 1418 393 1452 constances
424 1415 496 1460 (cf.
529 1415 612 1452 Cic.
654 1416 772 1450 Tusc.
808 1415 875 1450 III
905 1415 973 1457 33,
1005 1415 1091 1457 793
1122 1414 1218 1450 Sen.
1256 1414 1323 1450 Ad
1355 1415 1489 1450 Marc.
1526 1414 1568 1450 II
1601 1415 1620 1450 1
1647 1425 1658 1457 ;
1692 1415 1773 1460 Ep.

140 1475 331 1513 XCVIII
364 1476 404 1520 1)
429 1486 438 1518 ;
469 1475 580 1520 puis,
610 1474 651 1510 la
681 1474 929 1510 nouveaute
959 1474 1011 1509 de
1039 1483 1118 1509 son
1148 1483 1218 1509 cas
1251 1474 1369 1518 (voy.
1402 1473 1499 1518 plus
1537 1474 1631 1517 bas,
1666 1474 1687 1519 ξ
1717 1474 1775 1519 3),

137 1535 209 1581 qui
230 1538 463 1577 augmento
482 1542 547 1569 ses
566 1532 824 1569 indecisions
851 1543 862 1576 ;
881 1533 1014 1576 enfin,
1034 1533 1253 1578 peut-etre
1273 1532 1506 1575 voulait-il‚
1522 1542 1575 1568 en
1594 1532 1776 1569 laissant

135 1589 305 1626 ecouler
346 1590 534 1636 quelque
575 1593 733 1635 temps,
777 1592 1036 1627 convaincre
1067 1600 1115 1627 sa
1145 1592 1260 1627 mere
1291 1601 1376 1637 quc
1407 1601 1456 1626 sa
1485 1591 1613 1636 plaie,
1646 1592 1671 1628 a
1701 1592 1776 1633 lui,

136 1648 246 1686 etait
275 1648 375 1685 bien
405 1649 562 1695 guerie.
595 1671 649 1674 —
710 1651 1000 1696 Expectabam
1028 1651 1174 1697 itaque
1206 1661 1214 1686 :
1246 1650 1362 1687 voila
1392 1660 1545 1686 encore
1575 1651 1651 1696 qui
1681 1651 1777 1687 aide

137 1709 162 1745 a
205 1709 331 1745 dater
371 1708 414 1744 la
459 1709 741 1745 Consolation.
778 1710 886 1756 Voy.
932 1710 1088 1746 Introd.
1134 1719 1175 1755 p.
1211 1710 1313 1746 XX.
1354 1710 1435 1746 Sur
1474 1710 1614 1756 itaque
1653 1713 1697 1746 et
1736 1711 1777 1746 13

137 1768 259 1813 place
286 1767 392 1814 qu’il
419 1777 596 1813 occupe,
625 1778 724 1814 voy.
759 1769 801 1804 II
827 1769 852 1804 2
880 1772 923 1805 et
951 1769 992 1805 la
1019 1772 1136 1806 note.
1170 1790 1225 1794 —
1285 1770 1393 1805 Cum
1419 1769 1610 1805 omnia...
1641 1770 1778 1806 moni-

138 1831 328 1864 menta...
354 1827 601 1864 euoluerem
626 1839 634 1862 :
661 1828 825 1871 c’etait‚
850 1839 903 1864 en
927 1828 1048 1872 esset,
1071 1828 1331 1871 l’habitude‚
1357 1829 1506 1874 quand
1529 1838 1584 1864 on
1608 1829 1777 1866 voulait

137 1886 331 1923 consoler
358 1886 582 1923 soi-meme
612 1897 667 1922 ou
698 1888 860 1931 autrui‚
890 1888 943 1923 de
973 1887 1049 1923 lire
1077 1887 1136 1923 les
1166 1887 1308 1923 divers
1338 1890 1516 1924 auteurs
1546 1889 1599 1924 de
1628 1898 1778 1924 conso-

137 1945 310 1983 lations.
335 1946 450 1982 C’est
473 1957 519 1982 ce
542 1956 626 1992 que
648 1946 729 1982 [ait
754 1946 930 1982 Ciceron
955 1947 979 1982 a
1001 1946 1043 1982 la
1065 1950 1181 1983 mort
1204 1947 1256 1982 de
1278 1957 1328 1982 sa
1349 1946 1438 1983 fille
1462 1958 1471 1982 :
1497 1958 1512 1980 «
1536 1947 1698 1983 Nihil...
1724 1949 1776 1983 de

138 2015 332 2042 maerore
358 2005 595 2041 minuendo
621 2005 832 2050 scriptum
861 2007 913 2041 ab
942 2006 1029 2041 ullo
1056 2009 1136 2049 est,
1165 2007 1282 2052 quod
1311 2015 1387 2051 ego
1414 2016 1500 2042 non
1529 2007 1647 2042 domi
1674 2009 1778 2043 tuae

138 2063 326 2110 legerim.
352 2077 367 2098 »
397 2065 488 2110 (Ad
523 2066 606 2102 Au.
641 2066 732 2101 XII
766 2067 831 2108 14,
864 2067 922 2109 3;
954 2066 1008 2101 cf.
1042 2076 1194 2102 encore
1229 2067 1297 2102 Ad
1332 2067 1452 2102 Fam.
1490 2067 1548 2102 IV
1580 2067 1646 2109 13,
1680 2068 1699 2102 1
1734 2070 1777 2103 et

139 2124 200 2160 VI
220 2125 288 2168 10,
307 2124 365 2170 4).
389 2124 527 2161 Ovide
547 2125 636 2170 (Ex
656 2125 776 2161 Pont.
804 2125 860 2161 IV
883 2126 949 2168 11,
971 2126 1022 2160 12
1045 2136 1053 2160 :
1077 2136 1091 2158 «
1113 2125 1343 2171 Verbaque
1364 2127 1595 2162 doctorum
1614 2129 1721 2162 nota
1744 2127 1776 2170 »)

138 2184 220 2220 fait
241 2182 357 2219 aussi
378 2183 561 2219 allusion
584 2185 608 2220 a
629 2187 745 2220 cette
766 2184 992 2228 habunde,
1016 2185 1092 2230 qui
1113 2185 1216 2221 s’est
1237 2185 1470 2230 perpetuee
1490 2185 1647 2231 jusque
1669 2186 1776 2221 dans

139 2243 181 2279 la
203 2241 453 2279 litterature
479 2243 728 2280 chretienne
753 2244 825 2289 (cs.
853 2244 970 2280 saint
992 2244 1182 2288 Jerome‚
1211 2244 1293 2290 Ep.
1318 2245 1403 2280 LX
1429 2245 1484 2290 5).
1515 2245 1569 2280 Ce
1595 2253 1777 2290 passage

139 2311 248 2339 nous
275 2311 440 2347 prouve
467 2312 552 2348 que
579 2303 775 2348 Seneque
803 2303 1038 2348 possedait,
1066 2313 1120 2339 en
1147 2304 1288 2347 Corse,
1316 2313 1375 2339 un
1403 2304 1568 2339 certain
1596 2305 1776 2340 nombre

139 2362 193 2398 de
208 2361 406 2397 volumes
424 2361 529 2407 qu'il
547 2363 667 2398 avait
685 2363 902 2407 emportes
920 2372 975 2398 ou
992 2363 1074 2399 fait
1092 2363 1214 2399 venir
1231 2364 1283 2399 de
1302 2364 1454 2399 Rome.
1487 2384 1541 2388 ——
1571 2364 1747 2409 Ingenia
1767 2374 1775 2398 z

140 2430 213 2456 sur
234 2420 274 2456 le
297 2430 408 2463 sens,
432 2430 533 2467 voy.
561 2422 675 2457 XIX
701 2422 724 2457 5
749 2424 792 2457 et
817 2421 859 2456 13
881 2424 997 2458 note.
1030 2443 1085 2447 —
1148 2422 1355 2458 Remedia
1381 2433 1390 2457 :
1416 2422 1475 2458 les
1501 2423 1776 2467 metaphores

140 2483 183 2516 et
218 2479 278 2515 les
313 2480 635 2525 comparaisons
672 2481 798 2516 tirees
834 2481 887 2517 de
921 2481 964 2517 la
999 2481 1220 2517 medecine
1254 2485 1355 2517 sont
1389 2482 1639 2527 frequentes
1675 2482 1777 2517 chez

141 2540 352 2585 seneque,
379 2539 432 2575 cf.
465 2540 506 2575 II
531 2540 571 2583 2,
605 2541 671 2576 III
700 2542 738 2583 1,
764 2543 807 2576 et
833 2540 875 2576 la
900 2543 1003 2576 note
1028 2551 1101 2576 sur
1127 2542 1433 2577 monstraturus
1460 2541 1612 2586 (XVII
1638 2542 1694 2586 2).
1723 2561 1777 2566 —

137 2600 230 2635 Non
253 2597 528 2635 inueniebam
550 2600 792 2644 exemplum
819 2610 827 2635 :
853 2600 911 2636 les
936 2599 1228 2636 consolations
1252 2609 1296 2636 se
1320 2600 1606 2637 ressemblant
1628 2602 1775 2635 toutes

141 2658 248 2694 dans
278 2657 391 2693 leurs
420 2656 554 2703 lignes
585 2659 821 2704 generaleS,
853 2659 959 2695 c'est
990 2659 1098 2694 dans
1128 2659 1188 2695 les
1219 2659 1374 2695 details
1405 2669 1489 2705 que
1519 2659 1702 2704 pouvait
1732 2668 1775 2693 se

141 2719 334 2753 montrer
363 2717 638 2762 l'originalite
669 2718 743 2753 des
776 2721 966 2754 auteurs,
998 2717 1127 2754 Aussi
1157 2719 1324 2754 chacun
1356 2718 1486 2754 d’eux
1518 2716 1719 2753 aime-t-il
1751 2717 1774 2752 ἰι

141 2776 248 2812 iaire
266 2775 465 2812 ressortir
482 2779 607 2813 toute
625 2778 876 2813 nouveaute
896 2777 971 2823 qui
989 2777 1049 2812 lui
1069 2780 1134 2814 est
1154 2787 1325 2823 propre,
1346 2778 1399 2813 ef.
1426 2778 1494 2814 Ad
1515 2778 1648 2814 Marc.
1675 2776 1716 2811 11
1739 2777 1775 2818 1,

142 2839 187 2872 et
209 2835 385 2873 Ciceron
408 2835 500 2881 (Ad
525 2837 609 2872 All.
635 2837 725 2873 XII
750 2837 816 2879 14,
839 2837 882 2882 3)
907 2847 916 2872 :
941 2847 956 2870 «
979 2836 1093 2880 Feci,
1116 2837 1223 2883 quod
1243 2838 1421 2883 projecto
1444 2837 1537 2872 ante
1560 2846 1622 2871 me
1642 2845 1776 2875 nemo,

141 2898 193 2931 ut
209 2895 302 2940 ipse
322 2905 390 2931 me
409 2904 485 2940 per
503 2894 673 2931 litteras
694 2895 951 2931 consolarer.
977 2908 991 2930 »
1011 2897 1121 2942 Voy.
1147 2896 1303 2932 Introd.
1326 2906 1367 2941 p.
1392 2895 1494 2931 XLI
1515 2897 1558 2931 et
1579 2904 1619 2929 n.
1643 2895 1679 2930 5.
