2195 3345
390 261 449 307 88
657 273 700 304 L.
734 270 898 303 ANNAEI
932 267 1127 300 SENECAE
1160 267 1479 299 DIALOGORUM
1513 268 1608 299 ΜΒ.
1638 268 1707 299 x11

391 406 408 434 α
427 404 483 434 ne
511 392 753 434 fortunam
780 389 1072 435 accusarent,
1103 397 1221 441 quae
1249 384 1336 427 sibi
1362 385 1485 427 filios
1515 385 1748 428 Gracchos
1775 385 1996 428 dedisset.
2022 399 2040 427 »

389 463 466 505 Ex
482 463 571 507 hac
588 461 764 504 femina
783 457 950 502 debuit
967 456 1111 506 nasci,
1133 456 1212 512 qui
1232 455 1410 498 diceret
1427 456 1474 498 in
1495 455 1713 499 contione
1737 470 1746 498 :
1769 470 1786 497 «
1806 455 1876 498 Tu
1894 456 2037 499 matri

387 546 519 576 meae
550 531 671 575 male
703 530 847 579 dicas,
872 540 992 585 quae
1023 540 1097 569 me
1127 526 1313 583 peperit
1332 526 1391 569 ‘?›>
1419 526 1569 569 Multo
1601 526 1716 568 mihi
1747 538 1845 568 uox
1871 527 2038 569 matris

386 604 578 648 uidetur
591 600 846 645 animosior
864 614 874 642 :
889 598 1016 642 filius
1030 609 1200 654 magno
1216 597 1492 640 aestimauit
1507 597 1824 641 Gracchorum
1840 598 2038 647 natales,

389 678 541 718 mater
569 677 620 717 et
647 673 829 716 funera.
860 669 1042 713 Rutilia
1073 668 1264 712 Cottam
1293 668 1445 711 filium
1475 671 1637 711 secuta
1665 671 1740 710 est
1767 668 1814 710 in
1843 668 2037 711 exilium

388 750 439 789 et
461 759 610 802 usque
635 756 689 787 eo
715 742 809 786 fuit
831 740 1126 797 indulgentia
1152 739 1424 788 constricta,
1450 742 1507 781 ut
1530 739 1694 782 mallet
1717 739 1910 782 exilium
1935 739 2037 795 pati

391 829 533 874 quam
559 814 858 863 desiderium,
885 825 971 855 nec
993 815 1105 855 ante
1132 811 1179 853 in
1204 810 1410 867 patriam
1437 822 1580 865 quam
1606 822 1713 852 cum
1737 810 1835 852 filio
1861 810 2003 853 rediit
2027 825 2039 860 ;

389 888 592 931 eundem
621 886 715 928 iam
744 885 965 927 reducem
992 886 1043 926 et
1070 882 1117 924 in
1146 895 1193 924 re
1223 881 1413 938 publica
1442 880 1692 923 florentem
1721 884 1821 924 tam
1850 881 2038 924 fortiter

389 959 550 1002 amisit
567 970 711 1014 quam
728 959 890 999 secuta
907 958 994 1004 est,
1014 966 1099 997 nec
1116 953 1368 1009 quisquam
1385 951 1602 994 lacrimas
1617 951 1717 994 eius
1733 955 1844 1008 post
1857 951 2038 995 elatum

390 1030 541 1073 filium
572 1027 779 1072 notauit.
816 1027 869 1069 In
899 1025 1094 1081 expulso
1127 1024 1357 1067 uirtutem
1388 1023 1614 1073 ostendit,
1647 1023 1694 1064 in
1725 1022 1897 1065 amisso
1928 1035 2040 1078 pru-

390 1101 602 1143 dentiam
629 1114 640 1151 ;
674 1111 786 1141 nam
819 1100 870 1140 et
902 1096 1020 1139 nihil
1052 1096 1181 1138 illam
1216 1108 1242 1137 a
1278 1094 1457 1151 pietate
1493 1093 1725 1136 deterruit
1757 1097 1807 1136 et
1840 1093 1958 1136 nihil
1989 1094 2038 1136 in

388 1171 586 1215 tristitia
617 1181 911 1227 superuacua
942 1167 1185 1222 stultaque
1217 1165 1440 1208 detinuit.
1473 1165 1588 1208 Cum
1621 1165 1692 1207 his
1723 1168 1769 1207 te
1801 1165 2038 1207 numerari

390 1243 577 1286 feminis
615 1241 761 1292 uolo3
802 1252 1003 1296 quarum
1041 1238 1194 1280 uitam
1234 1250 1417 1293 semper
1455 1236 1644 1279 imitata
1683 1249 1747 1285 es,
1787 1248 1951 1278 earum
1990 1236 2036 1278 in

468 1356 509 1387 N.
532 1355 567 1387 C.
599 1373 633 1376 —
670 1354 761 1387 XVI
793 1353 825 1384 6.
863 1352 1012 1382 dedisset
1045 1351 1105 1388 A;
1140 1349 1326 1381 ademisset
1358 1348 1527 1388 Bentley,
1563 1347 1663 1388 quod
1695 1347 1828 1387 Haupt
1856 1349 1894 1379 et
1924 1347 2034 1379 Gertz

396 1409 752 1441 commendauerunt
771 1416 779 1443 ;
802 1405 1025 1444 scripturam
1049 1403 1197 1441 codicis,
1222 1402 1301 1434 coll.
1327 1403 1386 1433 Ad
1410 1402 1526 1433 Marc.
1552 1401 1644 1432 XVI
1661 1401 1683 1432 3
1706 1403 1743 1432 et
1760 1401 1830 1441 Ep.
1850 1401 1982 1432 LXIII
2000 1401 2033 1438 7,

395 1472 478 1495 cum
510 1462 647 1494 Herme
675 1463 797 1492 teneo.
825 1476 860 1482 —
892 1457 1070 1490 estimabit
1098 1457 1159 1494 A;
1189 1456 1393 1487 aestimauit
1421 1455 1557 1486 Haase.
1581 1472 1622 1476 —
1652 1454 1742 1485 XVI
1764 1455 1795 1485 7.
1823 1454 1950 1494 cusilio
1974 1454 2034 1491 A;

393 1526 472 1549 cum
497 1517 578 1557 silio
601 1522 661 1554 ug.

395 1609 584 1643 eburneo
606 1606 650 1640 in
672 1605 805 1648 eaput
829 1602 1001 1638 incusso
1024 1601 1133 1636 iram
1163 1599 1349 1635 mouisse
1373 1610 1401 1642 »,
1427 1601 1470 1634 et
1495 1598 1578 1634 Cic.
1607 1598 1688 1633 Pro
1715 1598 1813 1634 Mil.
1841 1597 1923 1633 XV
1945 1597 1998 1633 39
2024 1607 2032 1632 ε

395 1679 410 1702 «
432 1667 507 1703 Cn.
538 1663 814 1709 Pompeius..
847 1663 1030 1697 cunctae
1065 1660 1261 1696 Italiae...
1294 1659 1384 1694 eius
1416 1658 1551 1693 fidem
1580 1657 1834 1702 imploranti
1863 1657 2034 1702 signum

395 1727 516 1763 dedit
546 1727 596 1760 ut
628 1724 816 1759 Romam
846 1721 1164 1756 concurrerent.
1191 1731 1205 1752 »
1241 1718 1274 1753 Il
1306 1718 1445 1753 arrive
1476 1717 1638 1762 parfois
1671 1726 1755 1762 que
1786 1717 1825 1752 le
1858 1715 2033 1752 reflechi

394 1787 502 1821 dans
532 1793 617 1819 une
647 1791 820 1828 propos,
853 1780 1006 1825 partic.
1030 1778 1204 1814 renvoie
1233 1787 1287 1812 au
1318 1777 1433 1822 sujet
1455 1777 1507 1813 de
1528 1777 1692 1812 celle-ci
1714 1776 1786 1822 (cf.
1811 1775 2033 1812 Tite-Live

396 1843 620 1880 XXXVII
643 1843 682 1885 9,
701 1842 756 1886 7).
777 1860 831 1865 —
859 1839 924 1874 Tu
939 1838 1067 1874 matri
1082 1847 1203 1872 meae
1221 1847 1229 1871 ε
1250 1836 1489 1881 Plutarque
1505 1838 1710 1881 rapporte
1726 1846 1785 1871 un
1801 1838 1894 1871 mot
1911 1834 2034 1871 diffe-

393 1907 491 1940 rent
507 1903 572 1949 (C.
596 1900 762 1938 Gracch.
784 1899 874 1944 IV):
892 1911 907 1932 «
922 1902 973 1934 Σὺ
986 1902 1048 1944 γὰρ
1066 1909 1079 1931 >>
1090 1903 1148 1943 ἔφη
1165 1908 1178 1930 «
1196 1901 1387 1942 Κορνηλίαν
1403 1903 1565 1942 λοιδορεῖς
1577 1902 1636 1940 τὴν
1657 1899 1811 1943 Τιβέριον
1825 1903 1983 1934 τεκοῦσαν
1997 1911 2006 1943 ;
2021 1911 2035 1933 )>

395 1985 450 1989 -
480 1964 664 2008 Magno:
691 1960 775 1995 abl.
800 1959 852 1994 de
876 1958 986 2003 prix,
1012 1957 1065 1992 cf.
1096 1957 1138 1992 II
1162 1957 1201 2000 4,
1228 1956 1270 1991 X
1294 1957 1332 2000 5,
1359 1956 1425 1991 XI
1451 1956 1487 1990 1.
1517 1976 1571 1980 —
1601 1956 1769 1991 Etiam:
1801 1956 1854 1992 cf.
1883 1957 1971 1993 VII
1995 1959 2032 1994 9.

395 2044 450 2049 —
481 2022 678 2058 Natales:
700 2031 714 2053 «
736 2017 996 2060 extraction,
1018 2016 1180 2061 origine
1204 2027 1232 2060 »,
1259 2016 1311 2051 cf.
1342 2015 1423 2060 Ep.
1453 2015 1553 2051 XCI
1581 2015 1631 2050 16
1659 2026 1667 2050 2
1696 2026 1711 2048 «
1734 2015 1942 2052 Conditor
1964 2017 2034 2054 ille

395 2083 498 2119 iuris
520 2080 701 2117 humani
725 2088 813 2113 non
838 2076 1053 2113 natalibus
1078 2085 1155 2111 nos
1181 2085 1259 2111 nec
1285 2076 1512 2110 nominum
1548 2075 1748 2110 claritate
1780 2075 1994 2112 distinxit.
2021 2088 2035 2111 »

476 2142 515 2177 7.
548 2161 601 2164 —
663 2139 832 2174 Cottam
856 2147 863 2171 :
889 2136 931 2171 C.
957 2135 1154 2170 Aurelius
1179 2134 1323 2177 Cotta,
1346 2134 1399 2169 ne
1422 2143 1473 2168 en
1498 2133 1575 2168 124
1599 2142 1668 2169 av.
1691 2134 1816 2178 J.-C.,
1839 2136 2033 2180 partisan

397 2203 455 2237 du
482 2200 632 2237 tribun
661 2197 807 2233 Livius
839 2196 1003 2230 Drusus
1033 2194 1135 2239 (Cic.
1171 2195 1232 2229 De
1266 2193 1333 2229 Or.
1369 2193 1385 2228 I
1415 2193 1453 2235 7,
1483 2192 1568 2238 25),
1598 2193 1681 2236 fut,
1711 2193 1736 2229 a
1763 2194 1805 2229 la
1838 2197 1954 2231 mort
1981 2196 2035 2231 de

397 2259 580 2303 celui—ci,
609 2256 759 2293 accuse
787 2257 829 2290 et
856 2254 1100 2290 condamne
1126 2253 1471 2289 conformement
1499 2253 1522 2288 a
1547 2253 1590 2288 la
1626 2253 1683 2288 loi
1711 2253 1842 2288 Varia
1877 2254 2035 2300 dirigee

397 2323 545 2357 contre
565 2319 624 2354 les
646 2318 836 2359 auteurs,
857 2313 1155 2358 responsables
1177 2322 1233 2348 ou
1253 2322 1354 2355 non,
1377 2313 1429 2347 de
1448 2313 1490 2347 la
1512 2322 1653 2357 querre
1673 2313 1824 2349 sociale
1845 2313 1928 2349 due
1949 2324 2035 2351 aux

398 2378 667 2415 desillusions
694 2374 891 2420 qu’avait
916 2373 1186 2418 provoquees
1212 2373 1352 2417 parmi
1376 2372 1435 2408 les
1460 2372 1564 2407 socii
1588 2372 1748 2407 l’eehec
1772 2372 1845 2408 des
1870 2374 2034 2419 projets

399 2440 451 2475 de
477 2439 656 2474 DrusuS.
685 2433 809 2470 Exile
833 2442 884 2468 en
910 2433 977 2476 90,
1002 2432 1031 2467 il
1056 2432 1199 2467 revint
1225 2432 1249 2467 a
1275 2432 1413 2467 Rome
1439 2440 1490 2466 en
1519 2431 1583 2466 82.
1612 2431 1787 2466 Ciceron
1811 2432 2034 2469 l’estimait

398 2507 566 2534 comme
590 2497 764 2531 orateur
788 2493 872 2538 (De
901 2492 967 2527 Or.
999 2491 1040 2526 II
1064 2491 1132 2535 23,
1149 2491 1224 2535 98,
1254 2491 1321 2526 III
1347 2491 1384 2534 8,
1410 2491 1459 2526 31
1486 2502 1496 2533 ;
1524 2491 1642 2525 Brut.
1669 2491 1743 2526 LV
1767 2491 1879 2537 203).
1906 2492 2036 2528 Cotta

398 2554 535 2603 figure
559 2554 697 2600 parmi
722 2553 781 2588 les
806 2559 1096 2597 personnages
1122 2551 1180 2586 du
1210 2551 1271 2586 De
1301 2550 1481 2594 Oratore,
1506 2552 1564 2593 et,
1590 2559 1757 2586 comme
1781 2551 2036 2587 neo-acade-

400 2617 570 2659 micien,
589 2613 730 2659 parmi
748 2621 857 2647 ceux
875 2611 934 2647 du
957 2611 1018 2646 De
1038 2611 1204 2647 Natura
1228 2611 1423 2653 Deorum,
1444 2609 1513 2653 ou,
1534 2618 1589 2644 au
1606 2609 1679 2645 liv.
1705 2610 1787 2653 III,
1805 2610 1835 2645 il
1853 2611 2036 2656 critique

398 2678 437 2713 le
456 2675 687 2713 stoicisme.
711 2672 789 2707 Les
809 2671 1049 2716 fragments
1071 2670 1144 2706 des
1161 2670 1376 2705 Historiae
1396 2669 1448 2704 de
1469 2669 1654 2705 Salluste
1675 2669 1958 2706 contiennent
1977 2679 2036 2705 un

401 2737 592 2772 discours
619 2733 671 2768 de
695 2731 768 2767 lui.
795 2751 850 2755 —
900 2730 1164 2765 Florentem:
1193 2729 1375 2765 allusion
1392 2729 1415 2764 a
1429 2736 1494 2764 ses
1517 2728 1692 2773 charges
1713 2728 1765 2764 de
1783 2729 1972 2774 pontifex
1992 2732 2036 2765 et

401 2797 453 2831 de
483 2793 633 2830 consul
662 2790 768 2837 qu’il
797 2789 955 2825 revetit
986 2798 1041 2824 au
1070 2791 1218 2824 retour
1247 2789 1300 2824 de
1329 2788 1459 2824 l'exil.
1491 2788 1627 2832 Apros
1657 2795 1734 2823 son
1765 2788 1978 2833 consulat,
2006 2789 2036 2824 il

401 2865 444 2891 se
462 2854 529 2890 vit
548 2851 755 2894 decreter,
774 2857 884 2894 pour
902 2848 975 2883 des
995 2848 1180 2893 exploits
1200 2858 1252 2884 en
1273 2847 1422 2891 Gaule,
1440 2856 1499 2883 un
1517 2847 1736 2892 triomphe
1755 2857 1838 2892 que
1855 2857 1904 2883 sa
1920 2850 2036 2884 mort

401 2914 544 2950 subite
561 2913 633 2958 (en
651 2909 721 2956 74)
737 2908 979 2953 l’empecha
995 2907 1048 2943 de
1066 2908 1252 2943 celebrer
1269 2907 1372 2953 (Cic.
1395 2907 1447 2943 In
1466 2907 1555 2942 Pis.
1576 2906 1730 2942 XXVI
1748 2907 1800 2943 62
1818 2909 1860 2943 et
1877 2907 2034 2944 Ascon.

404 2975 457 3009 In
487 2973 576 3009 Pis.
605 2971 631 3006 1.
661 2970 688 3005 l.
719 2969 734 3014 )
764 2988 819 2993 —
880 2967 1055 3002 Elatum
1085 2977 1094 3003 :
1123 2967 1176 3002 cf.
1212 2967 1254 3002 II
1283 2967 1321 3002 4.
1353 2987 1408 2991 —
1462 2966 1636 3001 Notauit
1667 2976 1674 3001 :
1706 2966 1759 3002 cf.
1791 2966 1883 3002 XII
1912 2967 1948 3002 1.
1980 2986 2036 2992 —

401 3033 452 3069 ln
471 3030 691 3076 expulso...
713 3028 758 3063 in
784 3026 969 3062 amisso:
1003 3035 1076 3062 sur
1101 3027 1139 3062 le
1171 3034 1266 3062 sens
1292 3026 1344 3062 de
1364 3026 1406 3061 la
1433 3025 1569 3070 prep„
1586 3034 1686 3071 voy.
1710 3024 1752 3060 la
1776 3027 1880 3061 note
1907 3025 1974 3061 XI
1994 3026 2032 3061 4.
