2154 3377
298 201 359 232 AD
397 199 615 231 llELVlAM
650 199 852 230 MATREM
888 199 951 230 DE
983 198 1362 234 Coxsom'rloxss,
1398 199 1639 232 xvii-xviii
1729 189 1786 232 95

143 330 264 374 alter
303 330 501 373 honores
537 328 769 372 industria
807 331 1088 371 consecutus
1124 332 1211 377 est,
1250 328 1370 371 alter
1407 329 1643 385 sapienter
1681 344 1791 372 con-

142 401 341 458 tempsit
365 415 376 450 ;
422 400 672 457 adquiesce
718 399 914 442 alterius
960 399 1028 442 sili
1075 398 1324 453 dignitate,
1372 399 1567 442 alterius
1615 401 1788 456 quiete,

144 471 391 528 utriusque
420 471 598 528 pictate
626 471 636 514 !
665 470 788 513 Noui
818 470 1018 513 fratrum
1057 482 1268 513 meorum
1306 470 1498 513 intimos
1529 471 1746 514 adfectus
1778 487 1788 515 :

143 542 265 586 alter
290 543 337 585 in
365 543 451 586 hoc
476 542 758 598 dignitatem
783 541 973 591 excolit,
999 545 1055 584 ut
1079 541 1166 584 tibi
1191 545 1470 584 ornamento
1497 542 1574 591 sit,
1597 542 1716 585 alter
1743 543 1787 584 in

146 613 236 657 hoc
256 627 302 657 se
326 614 385 656 ad
409 613 715 670 tranquillam
736 612 1040 669 quietamque
1063 612 1213 655 uitam
1233 612 1425 669 recepit,
1448 616 1504 655 ut
1524 612 1610 656 tibi
1633 618 1788 656 uacet.

145 683 273 728 Bene
297 683 466 727 liberos
491 689 598 727 tuos
621 688 671 726 et
693 684 739 726 in
764 683 995 726 auxilium
1018 687 1068 726 et
1090 683 1136 725 in
1170 683 1574 726 oblectamentum
1596 685 1788 727 fortuna

148 754 383 812 disposuit
413 770 422 798 :
448 759 583 811 potes
609 755 803 798 alterius
835 754 1067 811 dignitate
1098 754 1302 804 defendi,
1329 754 1524 797 alterius
1557 755 1654 798 otio
1681 755 1789 799 frui.

149 925 165 946 ι
187 921 266 958 par
295 912 368 948 des
398 913 587 953 meritos,
618 912 691 948 (105
721 912 906 958 qualites
937 912 1143 956 opposees
1169 923 1196 946 ».
1221 911 1301 947 Sur
1326 911 1475 954 uirtus,
1503 912 1555 947 cf.
1588 912 1648 947 VI
1677 912 1715 956 2,
1747 915 1789 949 et

150 980 223 1008 sur
254 972 462 1014 diuersus,
495 971 580 1007 VII
614 972 651 1007 2.
685 992 740 996 —
800 971 1018 1017 Sapienter
1050 971 1304 1016 contempsit
1338 981 1346 1006 :
1383 971 1420 1006 le
1453 972 1672 1007 sto'1‘cisme
1705 973 1789 1017 pri-

154 1031 271 1067 mitis
294 1029 532 1077 enseignait
557 1040 638 1076 que
662 1031 699 1066 le
723 1030 977 1076 philosophe
999 1039 1052 1065 ne
1075 1029 1223 1065 devait
1246 1030 1468 1075 s'occuper
1495 1030 1547 1066 de
1579 1031 1790 1077 politique

154 1099 238 1136 que
267 1090 301 1126 si
331 1099 472 1126 aucun
503 1090 694 1126 obstacle
721 1109 777 1114 ——
805 1089 974 1125 d'ordre
1003 1089 1139 1124 moral
1168 1091 1342 1124 surtout
1370 1110 1424 1114 -—
1453 1099 1504 1125 ne
1533 1090 1617 1126 l'en
1647 1092 1790 1135 empe-

152 1149 285 1193 chait,
318 1149 371 1185 cf.
400 1149 523 1194 Diog.
552 1149 709 1185 Laiirce
729 1149 815 1184 VII
837 1149 911 1184 121
937 1159 944 1184 ζ
984 1161 998 1183 «
1019 1153 1279 1185 Πολιτεὺσεσθαί
1312 1159 1390 1190 φασι
1424 1155 1482 1186 τὸν
1514 1156 1618 1196 σοφὸν
1642 1155 1683 1186 izv
1714 1156 1790 1196 μήτι

149 1214 288 1255 κωλύσῃ,
313 1215 354 1252 ὡς
379 1220 453 1254 φησι
477 1213 685 1253 Χρύσιππος.
711 1220 726 1242 »
762 1208 908 1252 Quant
943 1208 966 1244 3
1002 1208 1210 1253 Seneque,
1245 1208 1424 1244 suivant
1460 1209 1518 1244 les
1555 1217 1788 1254 personnes

151 1268 176 1303 a
218 1268 292 1314 qui
334 1268 363 1303 il
398 1268 621 1311 s’adresse,
664 1267 814 1304 tantot
856 1268 884 1302 il
924 1267 1228 1303 recommande
1269 1267 1310 1302 13
1351 1268 1661 1313 participation
1703 1279 1790 1305 aux

153 1326 328 1363 affaires
357 1327 601 1373 publiques,
634 1327 783 1363 tant6t
814 1327 843 1362 il
870 1327 911 1362 13
943 1326 1211 1370 deconseille,
1246 1327 1353 1361 mais
1386 1336 1488 1372 pose
1520 1337 1571 1363 en
1597 1328 1790 1373 principe

152 1386 285 1432 qu’on
318 1386 451 1422 devra
482 1386 548 1432 s’y
583 1386 817 1422 soustraire
852 1386 925 1422 des
959 1395 1041 1432 que
1072 1386 1130 1422 les
1167 1385 1412 1422 conditions
1451 1387 1684 1433 politiques
1719 1398 1790 1423 en-

151 1448 321 1482 treront
360 1455 411 1482 en
451 1446 603 1482 conflit
647 1455 753 1482 avec
791 1446 850 1481 les
891 1446 1112 1492 exigences
1147 1447 1199 1482 de
1233 1447 1275 1482 la
1309 1455 1477 1492 sagesse
1511 1447 1595 1492 (De
1637 1447 1787 1493 Tranq.

156 1505 240 1541 An.
276 1505 334 1541 IV
365 1506 384 1540 1
417 1515 511 1551 sqq.
538 1516 547 1549 ;
582 1506 643 1541 De
678 1505 769 1541 Otto
803 1505 870 1541 III
899 1505 1003 1549 2-3;
1038 1506 1118 1552 Ep.
1151 1506 1258 1542 XIV
1290 1506 1450 1551 13-14).
1483 1526 1538 1530 —
1568 1506 1789 1543 Peut-etre

150 1564 298 1601 faut-il
323 1565 417 1600 voir
443 1565 550 1600 dans
578 1567 702 1601 notre
727 1573 908 1611 passage
932 1575 1017 1601 une
1044 1566 1225 1601 allusion
1251 1566 1460 1601 indirecte
1487 1568 1529 1602 et
1556 1566 1738 1602 discrete
1765 1567 1790 1602 ἐι

149 1631 227 1660 son
257 1624 356 1667 exil‚
388 1633 470 1670 que
499 1624 559 1659 lui
590 1624 711 1660 avait
741 1624 872 1660 attire
902 1634 953 1660 en
982 1625 1123 1670 partie
1152 1635 1199 1660 sa
1228 1626 1363 1661 haute
1392 1625 1581 1670 position
1614 1636 1622 1660 ε
1665 1625 1694 1661 11
1723 1628 1789 1661 est

152 1683 345 1720 heureux
362 1693 444 1729 que
467 1692 545 1718 son
570 1683 678 1720 frere
701 1693 753 1719 ne
776 1684 861 1720 soit
884 1692 960 1729 pas
985 1685 1142 1729 expose
1167 1685 1190 1720 a
1214 1685 1265 1720 de
1288 1685 1409 1721 telles
1431 1685 1718 1721 vicissitudes.
1736 1706 1790 1710 —

150 1743 357 1779 Adfectus
380 1753 388 1778 :
413 1754 428 1776 «
449 1743 706 1778 sentiments
730 1755 758 1779 ».
782 1744 918 1779 Autre
940 1753 1036 1779 sens
1061 1754 1068 1779 :
1093 1743 1224 1780 XVII
1248 1745 1284 1780 1.
1316 1765 1372 1768 —
1429 1745 1548 1780 Alter
1571 1755 1578 1780 :
1604 1745 1787 1789 Galli0n‚

150 1802 283 1838 alter:
311 1801 435 1838 Mela.
462 1802 523 1838 La
547 1803 687 1838 meme
710 1812 938 1848 remarque
962 1812 1071 1848 pour
1093 1804 1152 1839 les
1178 1804 1292 1840 deux
1317 1805 1418 1839 alter
1440 1804 1708 1848 precedents.
1735 1825 1789 1829 —

153 1861 202 1897 In
231 1861 326 1905 hoe,
356 1865 403 1897 ut
428 1872 435 1896 :
471 1861 665 1898 locution
697 1861 923 1907 frequente
952 1863 1054 1898 chez
1086 1863 1280 1909 seneque
1314 1863 1398 1908 (De
1434 1863 1559 1899 Clem.
1594 1863 1610 1899 I
1640 1864 1704 1907 18,
1728 1864 1751 1899 2
1778 1875 1787 1907 ;

155 1921 218 1957 De
251 1920 354 1956 Ben.
394 1921 435 1956 II
467 1921 532 1965 12,
563 1921 602 1964 2,
624 1921 711 1956 VII
742 1921 808 1965 12,
831 1922 888 1966 43
926 1922 1007 1968 Ep.
1033 1922 1139 1958 XVI
1169 1923 1225 1968 3).
1258 1923 1311 1958 In
1342 1922 1520 1968 indique
1550 1923 1588 1958 le
1625 1923 1694 1958 bul
1716 1933 1728 1957 .·
1762 1923 1787 1959 a

148 1980 350 2026 l’epoque
366 1980 577 2026 classique
591 1980 620 2016 il
635 1980 974 2027 n’accompagne
989 1991 1072 2027 que
1088 1982 1161 2018 des
1176 1982 1330 2026 subst.‚
1341 1991 1419 2027 par
1431 1993 1496 2017 ex.
1513 1992 1521 2016 :
1537 1994 1550 2013 «
1568 1982 1784 2018 Venerat...

150 2040 195 2075 in
218 2039 379 2085 sunus»
402 2039 506 2085 (Cic.
535 2040 603 2075 Ad
630 2040 714 2076 Att.
743 2040 825 2076 XV
849 2041 914 2085 lb,
939 2041 994 2087 1).
1019 2062 1074 2066 —
1120 2043 1251 2078 Vaeet
1279 2052 1286 2077 :
1316 2054 1330 2076 «
1353 2041 1457 2087 qu’il
1482 2042 1566 2078 soit
1593 2042 1645 2077 de
1668 2042 1786 2078 loisir

148 2107 258 2144 pour
279 2099 358 2142 toi,
383 2099 487 2144 qu’il
512 2099 573 2135 ait
599 2099 658 2134 du
681 2101 823 2145 temps
850 2100 873 2136 a
895 2103 940 2136 te
964 2110 1188 2137 consacrer
1211 2113 1239 2144 »,
1265 2101 1318 2136 cf.
1349 2102 1409 2137 De
1435 2101 1507 2137 ΒΓ.
1546 2102 1625 2137 Vit.
1657 2102 1699 2137 II
1725 2102 1747 2137 5
1775 2113 1782 2137 :

147 2169 163 2191 α
187 2157 481 2203 Queruntur...
523 2159 640 2204 quod
678 2159 780 2204 ipsis
832 2160 949 2196 adire
987 2160 1235 2196 uolentibus
1275 2170 1361 2196 non
1399 2161 1701 2205 uacauerint»,
1741 2164 1785 2198 et

151 2217 221 2253 Ad
241 2217 334 2253 Hel.
359 2217 448 2253 XX
474 2218 510 2254 1.

232 2276 270 2312 3.
302 2297 358 2301 —
415 2277 530 2313 Bene
560 2287 568 2313 :
600 2278 652 2314 cf.
687 2278 770 2314 XV
797 2279 835 2314 3.
868 2299 923 2304 ———
981 2279 1029 2315 In
1058 2280 1267 2315 auxilium
1297 2281 1312 2315 :‘
1339 2280 1382 2315 in
1411 2289 1594 2325 marque
1622 2280 1659 2316 le
1688 2281 1782 2325 but,

146 2345 248 2382 voy.
285 2336 323 2372 le
358 2337 628 2382 paragraphe
663 2338 910 2382 precedent.
942 2359 997 2364 —
1055 2333 1273 2385 Dignitat'e
1311 2350 1318 2374 :
1355 2339 1397 2374 la
1432 2339 1634 2385 dignitas,
1680 2341 1784 2377 c'est

145 2396 188 2431 13
217 2395 537 2432 consideration
568 2397 770 2433 attachee
800 2397 825 2433 a
854 2407 938 2434 une
961 2399 1157 2435 fonction
1188 2398 1386 2434 officielle
1417 2399 1524 2434 dans
1554 2399 1709 2443 l'Etat,
1742 2403 1784 2436 et

148 2455 259 2491 dela
277 2457 391 2491 cette
403 2453 597 2491 fonction
615 2456 868 2501 elle-meme,
883 2457 937 2493 cf.
955 2457 1038 2494 Cic.
1058 2458 1168 2494 Phil.
1192 2458 1210 2493 Ι
1225 2458 1264 2502 6,
1281 2459 1351 2494 14:
1373 2458 1503 2494 «Mihi
1517 2468 1619 2494 uero
1637 2459 1783 2498 licet...

147 2514 394 2560 diynitalem
420 2515 582 2558 tueri»,
611 2518 654 2552 et
681 2515 771 2552 Ces.
804 2516 866 2552 De
895 2517 945 2553 B.
980 2517 1024 2554 G.
1054 2518 1115 2553 VI
1144 2517 1209 2561 12,
1239 2518 1292 2553 8:
1323 2529 1337 2551 «
1361 2518 1424 2553 Eo
1447 2520 1542 2554 tum
1569 2521 1690 2554 statu
1718 2527 1782 2554 res

146 2576 254 2618 erat,
300 2575 394 2610 ut...
441 2574 681 2610 secundum
733 2575 878 2611 locum
929 2576 1152 2621 dignitatis
1210 2577 1337 2612 Remi
1394 2577 1654 2613 obtinerent.
1681 2589 1695 2611 »
1730 2597 1785 2602 —

148 2633 245 2670 ono
274 2643 282 2669 ε
312 2633 457 2677 otium,
487 2633 561 2679 qui
589 2634 788 2679 s’oppose
815 2635 869 2670 ici
898 2635 922 2670 a
950 2635 1151 2680 climinas,
1180 2635 1353 2681 designe
1383 2647 1398 2670 «
1418 2636 1459 2672 la
1487 2637 1555 2672 vie
1583 2637 1728 2681 privee
1753 2648 1782 2680 »‚

143 2693 198 2729 cf.
228 2692 311 2729 Cic.
345 2693 406 2728 De
437 2692 519 2738 Osl·
552 2693 570 2728 I
596 2693 664 2737 20,
692 2693 744 2729 69
770 2705 778 2730 :
816 2705 830 2727 «
853 2694 1024 2730 Multi...
1052 2694 1245 2738 fuerunt,
1273 2695 1347 2741 qui
1374 2704 1483 2739 eam,
1512 2705 1643 2741 quam
1670 2695 1780 2736 dico,

144 2752 513 2798 tranquillitatem
546 2755 816 2798 expetentes,
851 2762 875 2788 a
907 2754 1090 2799 negotiis
1123 2754 1306 2799 publicis
1339 2762 1382 2790 se
1420 2755 1684 2791 remouerint
1727 2755 1781 2790 ad

143 2811 361 2857 otiumque
382 2811 662 2857 perfugerint.
688 2824 702 2847 »
724 2809 837 2848 C’est
858 2812 965 2848 dans
987 2823 1032 2849 ce
1054 2822 1149 2849 sens
1171 2813 1276 2859 qu’il
1298 2813 1393 2850 faut
1413 2814 1652 2850 l’entendre
1673 2814 1779 2850 dans

142 2870 182 2906 le
209 2871 271 2907 De
300 2870 390 2907 Otio
415 2871 467 2906 de
492 2870 699 2917 Seneque.
731 2871 872 2908 Otium
895 2872 1063 2917 signifie
1087 2882 1239 2909 encore
1265 2884 1273 2908 :
1300 2884 1315 2907 «
1335 2873 1465 2916 loisir‚
1490 2882 1613 2918 repos
1638 2884 1652 2907 »
1675 2873 1778 2917 (Cic.

149 2930 211 2967 De
241 2930 323 2976 Ols.
355 2930 423 2966 111
449 2931 487 2974 1,
513 2930 556 2976 2)
582 2933 625 2968 et
651 2942 666 2965 «
688 2931 868 2967 oisivete
893 2943 908 2966 »
938 2931 1041 2977 (Cic.
1074 2932 1203 2968 Aeaci.
1230 2933 1359 2978 prior.
1392 2933 1433 2968 II
1459 2933 1497 2976 2,
1525 2932 1548 2968 6
1573 2943 1582 2976 ;
1620 2933 1681 2968 De
1710 2932 1777 2968 Or.
