2195 3345
409 203 471 249 32
711 216 755 247 L.
790 216 954 248 ANNAEI
987 216 1182 248 SENECAE
1214 214 1535 249 DIALOGORUM
1561 218 1655 250 LIB.
1685 219 1755 250 XII

407 335 733 392 praepotentis
769 334 933 377 Italiae
967 338 1247 391 conspectus
1277 348 1339 378 an
1370 339 1541 379 natura
1574 337 1837 393 inportuosi
1869 341 2012 385 maris
2040 357 2052 386 ε

407 417 520 448 113111
558 406 606 448 in
657 418 799 449 causa
838 418 932 447 non
971 406 1113 449 fuisse
1152 406 1392 451 feritatem
1430 409 1698 452 accolarum
1741 423 1795 454 eo
1835 416 2052 469 apparet,

408 477 535 533 quod
567 476 773 523 maxime
808 480 924 520 tunc
956 477 1170 521 trucibus
1203 481 1252 521 et
1282 479 1537 523 inconditis
1573 480 1749 524 Galliae
1784 484 1971 540 populis
2003 497 2052 528 se

406 547 808 604 interposuerunt.
842 548 1151 591 Transierunt
1166 549 1333 593 deinde
1351 551 1544 607 Ligures
1561 552 1610 596 in
1625 565 1745 603 eam,
1761 555 2055 599 transierunt

406 622 457 662 et
485 620 702 676 Hispani,
734 620 859 675 quod
889 632 950 661 ex
977 619 1283 664 similitudine
1313 622 1432 664 ritus
1461 627 1662 679 apparet
1694 639 1702 666 :
1732 625 1898 668 eadem
1925 627 2052 670 enim

486 749 528 781 N.
550 749 585 780 C.
610 766 645 771 -—
676 748 800 780 V119.
827 716 1090 781 eximilitudine
1119 750 1210 782 ritus
1233 751 1265 781 A
1288 750 1331 790 (s,
1356 750 1441 784 add.
1467 760 1516 783 m.
1542 752 1589 792 1).
1619 771 1654 775 —
1680 763 1721 786 ex
1745 755 2051 788 similitudinibus

408 802 517 843 scrip.
539 802 658 834 GertZ.
683 819 718 825 -—
740 810 782 834 ex
797 803 878 834 sim.
898 803 1045 835 uestitus
1063 803 1301 836 Cornelissen.

407 934 635 979 puissance
655 935 728 970 des
746 935 999 981 Etrusques.
1017 935 1098 972 Sur
1112 938 1227 971 cette
1242 935 1468 980 puissance
1483 958 1537 962 —
1551 937 1625 982 qui
1640 939 1836 983 pendant
1851 940 2039 986 quelque

406 996 551 1039 temps
579 993 726 1030 s’etait
754 995 939 1030 etendue
964 995 988 1031 3
1007 994 1167 1031 l'Italie
1191 1005 1374 1041 presque
1397 998 1497 1032 tout
1522 996 1684 1033 entiere
1708 1019 1763 1023 —
1786 998 1839 1034 cf.
1868 999 2040 1043 Dottin‚

408 1064 474 1099 op.
501 1053 567 1089 cit.
594 1063 665 1098 pp.
695 1054 888 1090 131-132.
914 1075 968 1080 ——
1003 1054 1270 1099 Inportuosi:
1298 1065 1350 1090 en
1375 1054 1539 1099 realite,
1564 1055 1606 1091 13
1632 1056 1758 1092 Corse
1783 1057 1940 1094 n’etait
1964 1067 2041 1104 pas

409 1113 443 1147 si
471 1122 637 1157 pauvre
661 1123 713 1149 en
738 1115 874 1158 portS,
899 1113 952 1149 cf.
981 1113 1169 1149 Diodore
1192 1115 1228 1149 V
1253 1115 1317 1157 13,
1343 1115 1394 1150 3:
1422 1125 1437 1148 «
1458 1119 1548 1159 Αὕτη
1575 1119 1602 1152 δ’
1639 1120 1658 1159 ἡ
1693 1125 1791 1161 νῆσος
1820 1121 2041 1165 εὐπροσόρ-

405 1188 554 1219 μιστος
584 1176 666 1209 οὖσα
700 1177 926 1211 κάλλιστον
959 1180 1045 1219 ἔχει
1079 1179 1225 1220 λιμένα
1255 1180 1312 1211 τὸν
1343 1178 1590 1222 ὀνομαζόμενον
1623 1180 1862 1221 Συρακούσιον.
1888 1188 1904 1211 »
1942 1177 2045 1214 Seu-

409 1234 587 1276 lement,
615 1243 660 1268 ce
690 1235 790 1277 port
817 1233 925 1269 etait
957 1233 1069 1269 situe
1102 1243 1157 1268 au
1190 1234 1269 1269 sud
1305 1234 1356 1269 cle
1388 1234 1473 1270 l'ile
1506 1237 1549 1271 et
1581 1235 1610 1270 il
1637 1238 1702 1272 est
1723 1235 1934 1280 probable
1955 1247 2039 1283 que

410 1292 605 1337 Seneque
627 1292 702 1338 n'y
724 1295 789 1328 est
809 1292 964 1337 jainais
989 1292 1081 1328 alle.
1115 1292 1148 1328 Il
1179 1303 1207 1339 y
1238 1303 1262 1328 a
1294 1294 1346 1329 de
1379 1293 1475 1339 plus
1506 1294 1560 1330 ici
1590 1304 1674 1330 une
1703 1295 1756 1331 de
1787 1305 1855 1331 005
1888 1297 2040 1342 exage-

409 1351 574 1388 rations
606 1351 862 1389 habituelles
901 1353 925 1388 3
964 1352 1006 1387 13
1040 1352 1343 1389 declamation.
1376 1375 1432 1380 —
1485 1355 1622 1390 Nam:
1656 1353 1685 1389 il
1716 1364 1744 1400 y
1775 1365 1801 1390 a
1830 1365 1915 1391 une
1945 1355 2045 1392 ideo

410 1412 748 1450 sous-entendue
779 1414 914 1448 avant
944 1422 1044 1447 nam
1077 1422 1084 1446 :
1119 1423 1133 1444 «
1153 1412 1195 1455 je
1225 1422 1278 1448 ne
1308 1413 1372 1448 dis
1403 1412 1493 1448 rien
1525 1413 1577 1448 de
1607 1413 1649 1448 13
1679 1414 1933 1459 sauvagerie
1965 1415 2038 1454 des

410 1471 573 1514 CorseS,
601 1481 713 1506 car...
739 1482 753 1504 »
781 1471 856 1507 Cet
884 1471 1041 1516 emploi
1068 1470 1291 1517 elliptique
1318 1472 1370 1507 de
1396 1483 1496 1508 nam
1524 1473 1589 1508 e'st
1616 1473 1731 1508 aussi
1756 1473 1962 1519 frequent
1987 1484 2041 1510 en

409 1530 519 1566 latin
543 1541 625 1576 que
647 1530 756 1566 celui
780 1531 831 1566 de
852 1534 914 1577 γάρ
946 1541 998 1566 011
1027 1538 1137 1576 grec,
1160 1531 1213 1566 cf.
1243 1531 1310 1567 Ad
1333 1531 1426 1567 Hel.
1454 1532 1585 1567 XVII
1609 1531 1633 1567 5
1657 1542 1666 1574 3
1698 1531 1890 1576 Ciceron,
1919 1533 2044 1568 Tusc.

414 1590 473 1626 IV
501 1590 568 1633 23,
599 1590 650 1625 52
682 1600 689 1625 :
728 1601 742 1624 <‹
766 1590 879 1635 Quid
907 1590 1072 1626 Achille
1102 1590 1333 1626 Homerico
1362 1590 1544 1633 foedius,
1576 1590 1681 1636 quid
1709 1592 2038 1637 Agamemnone

409 1648 454 1684 in
481 1649 619 1694 iurgio
648 1649 667 1685 ἱ)
699 1651 812 1687 Nam
840 1649 1017 1685 Aiacem
1047 1649 1223 1696 quidem
1250 1650 1313 1684 ira
1343 1650 1396 1684 ad
1426 1650 1617 1686 furorem
1647 1653 1922 1697 mortemque
1951 1661 2049 1697 per-

411 1708 551 1745 duxit.
576 1721 591 1742 »
613 1708 896 1754 (c’est-a-dire
920 1720 928 1745 :
967 1720 981 1743 «
1001 1709 1043 1754 Je
1066 1720 1119 1745 ne
1142 1709 1260 1754 parle
1283 1719 1359 1753 pas
1385 1709 1560 1754 d'AJax‚
1584 1720 1697 1746 car...
1723 1710 1769 1755 ›>).
1797 1711 1900 1747 Voir
1923 1712 2046 1748 d'au-

410 1771 498 1804 tres
518 1769 759 1813 exemples:
781 1769 971 1812 ciceron,
995 1770 1112 1804 Brut.
1135 1769 1303 1805 XLVII
1324 1769 1430 1812 1753
1454 1771 1516 1806 De
1539 1769 1605 1805 Or.
1631 1770 1649 1804 I
1669 1770 1707 1813 5,
1730 1770 1807 1813 183
1828 1771 2041 1817 seneque,

415 1828 478 1863 De
496 1828 568 1863 Ira
588 1829 654 1863 III
673 1829 738 1871 17,
757 1829 793 1863 2.
815 1827 880 1864 En
898 1828 1098 1873 francais,
1117 1839 1163 1864 ce
1179 1839 1279 1864 nam
1296 1830 1415 1873 peut,
1434 1828 1471 1864 le
1489 1829 1583 1873 plus
1601 1833 1803 1873 souvent‚
1822 1840 1866 1866 se
1882 1831 2038 1867 rendre

411 1897 490 1932 par
506 1889 634 1933 quant
651 1887 675 1923 ἁ
691 1896 703 1921 .·
723 1898 737 1921 «
761 1888 899 1933 Quant
916 1888 941 1923 ἀ
957 1888 998 1923 13
1014 1888 1266 1933 sauvagerie
1284 1888 1356 1923 des
1375 1888 1616 1931 habitants,
1634 1888 1664 1923 11
1683 1891 1747 1925 est
1765 1889 1868 1925 clair
1886 1890 2043 1936 qu’elle

412 1946 580 1982 n'entre
609 1956 685 1992 pas
717 1957 769 1982 en
798 1946 909 1992 ligne
940 1948 992 1983 de
1022 1950 1207 1992 compte.
1234 1958 1248 1981 »
1277 1969 1332 1973 ——
1389 1948 1575 1984 Maxime
1604 1952 1751 1984 tunc...
1783 1959 1828 1985 se
1856 1949 2046 1996 Interpo-

411 2010 590 2042 suerunt
624 2017 632 2041 :
668 2016 843 2049 erreur;
877 2007 982 2043 c’est
1015 2007 1195 2043 environ
1228 2006 1427 2043 soixante
1461 2016 1537 2043 ans
1572 2011 1849 2052 auparavant
1882 2019 1967 2054 que
2000 2019 2047 2045 se

412 2065 534 2110 place
564 2065 921 2102 l'etablissement
953 2067 1025 2102 des
1057 2067 1276 2102 Phoeeens
1307 2077 1362 2102 au
1393 2067 1474 2102 sud
1505 2067 1557 2102 de
1587 2066 1629 2103 13
1661 2067 1808 2104 Gaule.
1842 2069 1953 2114 Voy.
1984 2068 2044 2105 les

413 2128 537 2161 notes
562 2125 783 2161 ci-dessus.

497 2186 534 2220 9.
568 2205 622 2210 —
656 2184 876 2231 Ligures...
918 2185 1099 2230 Hispani
1123 2196 1132 2228 ;
1170 2195 1268 2231 voy.
1311 2186 1467 2222 Introd.
1506 2195 1547 2230 p.
1593 2186 1690 2222 XV.
1742 2207 1797 2211 ——
1857 2187 1911 2223 Et
1951 2187 2050 2224 His-

413 2244 514 2290 pani
544 2255 552 2279 :
596 2246 631 2280 et
681 2262 719 2274 =
765 2245 890 2280 etiam
931 2248 996 2281 est
1036 2244 1188 2289 limite,
1231 2245 1255 2281 3
1295 2245 1495 2291 l’epoque
1523 2244 1750 2291 classique,
1781 2246 1805 2282 3
1834 2246 2046 2283 certaines

414 2304 700 2349 expressions,
722 2304 844 2340 telles
868 2315 951 2350 que
973 2306 1009 2340 et
1032 2305 1120 2351 ipse
1141 2305 1302 2350 (Cesar,
1330 2307 1391 2342 De
1416 2306 1465 2340 Β.
1495 2306 1539 2342 G.
1564 2306 1650 2341 VII
1673 2305 1739 2348 66,
1762 2305 1802 2348 6;
1825 2305 2050 2342 Tite-Live

416 2364 576 2400 XXIX
592 2364 631 2407 6,
644 2365 700 2408 1),
718 2366 753 2399 et
770 2364 861 2407 alii,
879 2367 914 2400 et
932 2365 1011 2400 ille.
1032 2365 1138 2401 Sous
1155 2364 1378 2410 l’Empire‚
1396 2367 1465 2401 cet
1482 2364 1639 2410 emploi
1652 2367 1717 2401 est
1728 2366 1817 2401 tres
1833 2366 2049 2410 repanda,

415 2423 468 2459 cf.
487 2423 583 2468 plus
602 2424 676 2458 bas
698 2424 812 2459 XIII
830 2424 868 2467 8,
888 2425 1044 2460 XVIII
1062 2425 1100 2467 73
1119 2423 1282 2468 Tacite,
1305 2425 1436 2461 Germ.
1460 2425 1541 2468 III,
1561 2425 1644 2461 XV
1666 2435 1676 2468 ;
1695 2425 1807 2462 Hist.
1831 2425 1849 2461 Ι
1865 2425 1890 2461 3
1913 2426 1957 2462 et
1979 2425 2046 2468 13;

417 2481 654 2528 Quintilien
680 2484 721 2519 X
746 2484 783 2525 1,
810 2483 901 2519 106.
927 2505 982 2509 -—
1042 2485 1106 2519 Ex
1126 2483 1404 2520 similitudine
1427 2483 1533 2520 ritus
1559 2494 1566 2519 :
1591 2484 1633 2528 je
1657 2485 1789 2529 garde
1813 2494 1920 2521 avec
1943 2485 2049 2522 MM.

416 2543 597 2578 Hermes
620 2545 663 2578 et
685 2543 791 2578 Duff
810 2543 851 2578 13
871 2543 993 2588 100011
1014 2544 1072 2579 du
1093 2543 1332 2579 manuscrit
1352 2544 1391 2580 A
1409 2553 1566 2590 —voy.
1586 2544 1633 2579 N.
1659 2545 1700 2580 C.
1723 2565 1779 2570 —
1798 2553 1928 2589 parce
1948 2554 2047 2590 que,

415 2602 754 2638 contrairement
784 2603 807 2638 3
835 2613 881 2638 00
910 2603 1039 2648 qu'en
1067 2612 1198 2648 pense
1227 2604 1371 2646 Gertz,
1398 2603 1505 2638 ritus
1532 2606 1638 2648 peut
1665 2603 1932 2649 s'appliquer
1959 2604 1984 2640 3
2009 2603 2053 2639 13

415 2661 586 2707 langue,
603 2671 769 2697 comme
784 2662 822 2697 le
837 2672 1001 2707 prouve
1018 2664 1072 2698 M.
1092 2662 1199 2698 Duff
1215 2673 1266 2698 en
1284 2662 1531 2708 invoquant
1551 2673 1610 2698 un
1631 2671 1812 2708 passage
1832 2663 1885 2699 de
1899 2662 2053 2699 Valere

417 2721 606 2756 Maxime
635 2721 700 2766 (II
730 2721 817 2766 2‚3)
849 2721 904 2759 ou
934 2722 1099 2767 patrius
1128 2722 1235 2757 ritus
1265 2721 1434 2767 signifie
1463 2722 1604 2768 patria
1633 2722 1784 2767 linqua
1813 2722 2056 2768 (=Lat1'na

417 2781 597 2826 linqua).
655 2802 710 2807 ——
772 2781 826 2817 Ce
888 2789 1067 2827 passage
1122 2791 1229 2817 nous
1284 2785 1454 2818 montre
1511 2792 1594 2827 que
1651 2782 1847 2827 seneque
1902 2781 2055 2818 savait

417 2841 619 2877 observer
643 2851 652 2883 ;
682 2850 733 2876 en
762 2840 882 2883 esset,
911 2841 1099 2877 l'auteur
1127 2842 1200 2877 des
1232 2842 1457 2879 Naturales
1487 2841 1756 2886 Quaestiones
1784 2851 1838 2876 ne
1871 2849 1916 2876 se
1951 2850 2054 2876 con—

416 2900 579 2937 tentait
601 2909 677 2945 pas
701 2900 752 2935 de
774 2899 849 2936 lire
871 2903 913 2936 et
937 2901 989 2936 de
1011 2901 1253 2945 compulser
1273 2901 1332 2937 les
1355 2909 1565 2946 ouvrages
1589 2901 1640 2936 de
1674 2910 1739 2936 ses
1765 2899 2017 2936 devanciers
2040 2909 2051 2943 3

419 2960 472 2996 cf.
495 2961 593 2997 Nat.
617 2960 780 3005 Quaest.
807 2961 874 2996 III
894 2961 932 3005 7,
955 2962 974 2996 1
998 2971 1006 2996 :
1029 2971 1043 2994 «
1069 2961 1158 3006 Eyo
1177 2961 1255 2996 tibi
1275 2961 1497 2996 uinearum
1516 2960 1696 3006 diliqens
1713 2960 1847 3005 fossor
1864 2959 2058 3005 affirmo,
