2195 3345
398 240 457 286 80
697 253 740 284 L.
777 252 941 284 ANNAEI
975 251 1169 283 SENECAE
1202 249 1523 282 DIALOGORUM
1549 250 1645 282 LIB.
1674 250 1743 281 XII

396 370 570 413 nostris
601 369 718 412 nihil
747 369 807 412 ad
840 372 888 412 te
919 368 1008 411 nisi
1038 368 1263 424 uoluptas
1293 371 1344 411 et
1373 368 1568 425 inpensa
1600 367 1832 425 pertinuit
1865 382 1874 410 :
1907 379 2043 410 num-

397 453 541 497 quam
581 440 875 496 indulgentia
922 439 1050 495 (lua)
1093 439 1153 482 ad
1194 439 1455 482 utilitatem
1495 439 1719 495 respexit.
1761 438 1868 481 Non
1907 441 2043 494 potes

395 512 557 568 itaque
585 524 640 554 ea
667 511 716 553 in
743 514 904 567 erepto
933 510 1030 553 filio
1060 509 1340 560 desiderare,
1371 522 1490 566 quae
1525 509 1627 565 (in)
1657 509 1881 552 incolumi
1908 520 2046 552 num-

397 595 541 640 quam
565 582 625 625 ad
651 585 697 624 te
725 581 957 638 pertinere
982 580 1180 624 duxisti.

487 654 581 696 XV.
618 679 663 683 —
697 653 778 695 Illo
805 652 958 695 omnis
984 652 1244 695 consolatio
1270 651 1386 694 mihi
1411 652 1640 694 uertenda
1666 655 1754 701 est,
1780 651 1905 694 unde
1930 662 2041 693 uera

395 726 468 768 uis
486 724 688 767 materni
706 723 879 766 doloris
895 723 1046 767 oritur
1067 737 1077 766 ε
1100 736 1117 766 «
1138 723 1259 779 Ergo
1280 723 1530 779 complexu
1546 723 1616 765 fili
1634 721 1861 766 carissimi
1878 732 2012 764 careo
2035 734 2046 770 ;

396 809 492 838 non
525 798 781 851 conspectu
814 795 929 844 eius,
964 807 1059 837 non
1092 806 1303 837 sermone
1338 805 1531 849 possum
1562 793 1654 836 frui
1682 794 1691 836 !
1726 793 1816 837 Vbi
1848 795 1922 835 est
1952 791 2044 841 ille,

398 879 489 923 quo
517 867 618 909 uiso
647 866 833 909 tristem
859 866 1046 908 uoltum
1073 864 1300 914 relaxaui‚
1322 864 1369 906 in
1398 876 1490 920 quo
1517 876 1681 907 omnes
1706 862 2047 907 sollicitudines

395 951 526 980 meas
563 937 812 994 deposui?
853 937 934 980 ubi
976 936 1246 992 conloquia,
1289 948 1489 992 quorum
1530 935 1826 992 inexplebilis
1865 947 1995 977 eram
2021 933 2046 976 ‘?

395 1009 476 1052 ubi
518 1009 693 1058 studia,
719 1008 891 1065 quibus
924 1008 1149 1051 libentius
1187 1019 1331 1063 quam
1367 1006 1558 1056 femina,
1587 1005 1866 1049 familiarius
1901 1016 2044 1062 quam

478 1130 528 1161 N.
548 1130 590 1161 C.
616 1149 652 1153 —
675 1130 766 1160 XIV
786 1129 817 1160 3.
841 1129 994 1160 uerbum
1013 1139 1020 1159 :
1051 1130 1112 1159 [uu
1130 1131 1213 1167 post
1233 1128 1456 1167 indulgentia
1473 1127 1557 1159 add.
1579 1126 1708 1166 Pauly.
1733 1144 1767 1148 —
1792 1126 1963 1157 incolumi
1980 1125 2012 1158 Α
2034 1134 2043 1164 ;

402 1181 439 1211 in
458 1188 503 1211 ex
519 1189 630 1212 nonn.
652 1180 684 1210 D
702 1180 786 1211 add.
807 1180 940 1211 Haase.

399 1286 477 1321 pas
515 1277 744 1322 pourquoi,
786 1276 984 1321 puisque,
1016 1276 1039 1310 a
1068 1275 1109 1310 la
1148 1277 1263 1310 mort
1295 1274 1347 1309 de
1390 1274 1481 1308 leur
1520 1274 1636 1318 pere,
1675 1273 1719 1308 ni
1767 1273 1963 1318 seneque
2000 1272 2046 1308 ni

400 1346 465 1371 ses
498 1336 630 1372 freres
664 1336 877 1371 n'etaient
909 1335 1005 1380 plus
1038 1355 1092 1359 —
1124 1336 1167 1370 et
1201 1333 1352 1378 depuis
1385 1333 1630 1378 longtemps
1661 1353 1716 1357 —
1748 1333 1821 1368 des
1855 1331 2045 1368 enfants.

402 1396 626 1432 Peut—etre
655 1395 833 1431 etait-ce
859 1404 911 1431 en
937 1395 1029 1430 leur
1056 1395 1252 1429 absence.
1277 1414 1330 1417 —
1352 1393 1577 1429 Abstinere
1606 1403 1613 1427 :
1643 1403 1658 1425 <‹
1680 1402 1732 1427 ne
1759 1400 1836 1436 pas
1863 1391 2047 1427 toucher

403 1456 427 1491 a
462 1455 647 1501 quelque
675 1455 801 1490 chose
829 1463 907 1499 par
928 1453 1335 1489 desinteressement
1360 1463 1373 1485 »
1407 1451 1714 1496 (abstinentia).
1740 1471 1795 1475 ——-
1828 1451 2046 1487 GratIae...

402 1515 636 1551 honoribus
659 1525 667 1550 ε
692 1515 745 1550 cf.
769 1515 807 1549 V
829 1515 866 1549 4.
899 1534 954 1538 -——
1011 1513 1195 1558 Inpensa
1220 1523 1227 1547 :
1252 1512 1460 1556 depenses
1484 1520 1593 1554 pour
1620 1510 1678 1545 les
1712 1510 1831 1554 jeux,
1856 1510 1965 1545 dont
1985 1509 2047 1545 les

402 1574 505 1610 frais
525 1574 690 1610 etaient
709 1573 939 1618 supportes
959 1574 1133 1608 surtout
1152 1581 1230 1616 par
1248 1572 1285 1606 le
1304 1570 1480 1615 preteur
1498 1569 1570 1614 (cf.
1597 1570 1658 1605 De
1680 1569 1751 1604 ΒΓ.
1784 1569 1864 1604 Vit.
1885 1569 1972 1604 VII
1992 1568 2016 1604 8
2037 1579 2049 1612 ;

403 1634 504 1669 Tac.
542 1634 655 1669 Αηη.
692 1633 710 1668 I
741 1633 791 1668 15
817 1644 826 1676 ;
854 1632 1013 1669 Juven.
1044 1632 1156 1667 VIII
1188 1631 1285 1674 194)
1311 1641 1320 1673 3
1362 1630 1421 1665 les
1463 1631 1607 1664 autres
1649 1628 1901 1673 magistrats
1932 1627 2050 1663 aussi

404 1693 581 1729 avaient
602 1693 715 1728 leurs
739 1693 960 1737 depenseS.
986 1692 1065 1727 Les
1089 1693 1330 1736 questeurs,
1352 1688 1529 1734 jusqu’a
1553 1688 1728 1731 Claude,
1751 1688 1936 1724 {etaient
1956 1687 2051 1723 leur

404 1753 550 1788 entree
575 1762 630 1787 au
654 1752 787 1788 Senat
810 1761 889 1796 par
911 1761 971 1786 un
995 1751 1081 1786 don
1105 1760 1156 1785 en
1182 1751 1333 1794 argent
1358 1748 1527 1784 destine
1551 1757 1605 1782 au
1629 1755 1799 1792 pavage
1823 1747 1895 1783 des
1918 1754 2015 1782 rues
2040 1757 2050 1790 ;

405 1812 556 1856 depuis
581 1812 648 1855 47,
673 1821 752 1856 par
774 1820 858 1846 une
883 1810 1072 1846 decision
1098 1810 1149 1845 de
1175 1809 1350 1851 Claude,
1375 1808 1425 1842 ils
1450 1807 1597 1843 furent
1622 1807 1782 1851 obliges
1809 1807 1861 1842 de
1885 1806 2052 1842 donner

405 1871 478 1906 des
511 1871 708 1906 combats
741 1871 793 1905 de
825 1870 1104 1916 gladiateurS,
1136 1871 1236 1904 tous
1267 1868 1326 1903 les
1360 1877 1452 1911 ans,
1487 1867 1509 1902 a
1540 1867 1652 1902 leurs
1684 1866 1787 1901 frais
1820 1866 1892 1911 (cf.
1926 1865 2047 1902 Suet.

407 1931 557 1967 Claud.
592 1930 779 1973 XXIV;
810 1929 909 1965 Tac.
948 1930 1061 1964 Ann.
1096 1928 1162 1963 XI
1193 1927 1278 1972 22).
1313 1927 1392 1962 Les
1425 1926 1610 1969 consuls,
1644 1926 1667 1961 a
1697 1925 1789 1961 leur
1820 1925 1966 1961 entree
1997 1934 2050 1960 en

405 1991 576 2035 charge,
594 1990 780 2035 J'etaient
801 1989 852 2024 de
871 1989 1055 2034 l’argent
1075 1988 1099 2023 a
1117 1987 1159 2023 la
1178 1987 1308 2030 foule‚
1330 1989 1372 2022 et
1392 1987 1451 2022 lui
1471 1986 1678 2022 offraient
1698 1985 1771 2020 des
1790 1985 1895 2030 jeux
1913 1984 2054 2030 egale-

405 2052 540 2085 ment.
578 2049 706 2095 (Voy.
743 2048 1158 2093 Bouche-Leclercq,
1197 2047 1320 2082 Man.
1358 2047 1426 2082 (les
1464 2047 1560 2082 inst.
1598 2055 1699 2080 rom.
1737 2053 1779 2089 p.
1820 2045 1896 2080 131
1936 2045 2053 2090 sqq.)

407 2111 589 2146 Parents
618 2111 661 2144 et
690 2109 796 2144 amis
824 2109 915 2143 leur
943 2107 1135 2143 aidaient
1163 2106 1535 2151 pecuniairement
1564 2115 1572 2140 :
1604 2104 1802 2139 «Amicis
1831 2103 2053 2140 conferen-

405 2170 524 2205 tibus
554 2169 609 2203 ad
636 2168 864 2213 inpensam
889 2167 1091 2202 ludorum
1115 2179 1130 2200 »
1160 2166 1244 2211 (De
1267 2165 1369 2200 Ben.
1396 2165 1438 2200 II
1458 2165 1525 2207 21,
1546 2164 1602 2209 5).
1637 2183 1692 2188 -
1749 2163 2022 2209 Indulgentia
2043 2174 2053 2199 ε

408 2229 461 2264 cf.
497 2229 539 2264 II
570 2228 606 2263 1.
640 2248 694 2252 -—
749 2227 986 2262 Vtilitatem
1017 2237 1026 2261 τ
1058 2237 1073 2260 «
1095 2228 1314 2270 avantage
1337 2237 1365 2268 »‚
1402 2225 1456 2260 cf.
1489 2224 1572 2260 Cic.
1609 2224 1670 2259 De
1704 2223 1840 2258 Amic.
1872 2222 2055 2258 XXVII

410 2288 512 2324 100:
535 2299 550 2321 «
573 2287 686 2322 Eum
705 2287 848 2331 ipsum
869 2286 1043 2331 diligere
1064 2294 1194 2330 quem
1216 2293 1378 2319 anieS...
1402 2283 1521 2318 nulla
1542 2283 1719 2318 utilitate
1741 2281 1955 2327 quaesita.
1975 2293 1990 2316 »

413 2347 612 2392 Respexit
642 2357 649 2381 :
680 2347 732 2381 cf.
764 2346 825 2381 VI
855 2346 891 2381 5.
925 2366 979 2370 —-
1038 2344 1287 2381 Desiderarc
1318 2354 1325 2378 :
1357 2353 1457 2388 voy.
1487 2343 1528 2378 la
1556 2344 1658 2377 note
1697 2351 1769 2376 sur
1796 2341 2053 2377 desiderium

410 2407 497 2453 (XI
521 2407 578 2451 3).
611 2427 665 2430 —
724 2406 873 2451 ltaque
899 2416 907 2440 ε
933 2405 986 2440 cf.
1017 2404 1060 2439 II
1083 2404 1121 2439 2.

494 2466 578 2502 XV.
619 2466 654 2501 1.
686 2485 741 2490 —
800 2465 994 2510 Seneque
1024 2473 1156 2508 passe⁴
1181 2472 1235 2497 au
1265 2462 1425 2498 second
1455 2461 1580 2506 point
1611 2460 1791 2505 indique
1819 2459 1916 2505 plus
1946 2460 2058 2496 haut

411 2525 538 2572 (XIV
571 2525 645 2570 1):
678 2536 693 2559 <‹
717 2524 987 2560 Desiderium
1017 2523 1161 2568 ipsum
1192 2532 1268 2567 per
1297 2531 1342 2557 se
1373 2522 1466 2566 pati
1498 2530 1584 2556 non
1615 2522 1753 2564 potes.
1779 2530 1794 2554 »
1823 2540 1878 2544 —
1935 2519 2014 2555 1110
2046 2530 2055 2554 z

412 2586 512 2621 adv.
545 2602 583 2614 =
610 2585 722 2628 illuc,
743 2584 881 2619 forme
901 2583 1034 2629 qu'on
1054 2585 1210 2618 trouve
1233 2582 1257 2617 a
1276 2583 1423 2617 toutes
1443 2581 1504 2616 les
1526 2580 1714 2624 epoques
1737 2579 1789 2614 de
1808 2578 1850 2614 la
1868 2578 2057 2622 latinite‚

413 2644 565 2689 depuis
607 2644 761 2679 Plaute
801 2641 976 2688 (Amph.
1020 2642 1114 2685 197,
1164 2641 1281 2676 Trin.
1324 2640 1424 2685 495)
1463 2639 1640 2685 Jusqu’a
1680 2638 1796 2674 saint
1835 2637 2056 2683 Augustin

413 2705 497 2750 (De
521 2704 615 2740 Ciu.
644 2703 723 2739 Dei
748 2703 765 2738 I
787 2703 811 2737 4
833 2700 873 2748 [Ι
896 2700 955 2748 9],
978 2701 1064 2745 24),
1087 2710 1139 2736 en
1161 2702 1343 2745 passant
1364 2709 1444 2744 par
1466 2698 1642 2735 Ciceron
1659 2698 1743 2743 (De
1758 2698 1856 2742 Leq.
1884 2697 1987 2742 ΑΨ.
2015 2697 2058 2733 II

414 2764 482 2807 34,
503 2763 588 2807 92),
610 2762 736 2798 Cesar
754 2762 838 2807 (De
861 2762 911 2797 B.
938 2762 982 2797 G.
1009 2761 1066 2796 IV
1087 2761 1152 2802 11,
1174 2760 1231 2804 4),
1252 2759 1448 2804 seneque
1467 2758 1539 2804 (ici
1559 2760 1603 2793 et
1626 2758 1687 2793 De
1710 2757 1813 2792 Ben.
1839 2756 1906 2791 III
1927 2755 2057 2800 12,2;

417 2823 498 2868 Ep.
523 2822 630 2858 XVI
651 2821 694 2866 6)
715 2823 758 2857 et
779 2820 928 2856 Tacite
949 2820 1086 2865 (Αηη.
1113 2819 1194 2855 XV
1215 2819 1300 2863 60).
1334 2838 1389 2843 —
1449 2819 1561 2864 Ergo
1583 2828 1592 2852 :
1616 2828 1631 2851 «
1655 2817 1734 2852 Est
1756 2815 2061 2852 admirationis

415 2892 514 2918 cum
534 2891 727 2917 maerore
749 2880 1007 2916 coniunctae
1028 2877 1504 2923 exclamatio.»(0relli‚
1527 2877 1580 2912 ad
1601 2877 1704 2912 Hor.
1725 2876 1862 2912 Carm.
1884 2875 1902 2910 I
1916 2875 1984 2918 24,
2000 2874 2060 2920 5.)

415 2963 469 2966 —
501 2943 631 2978 careo
664 2952 672 2976 :
705 2941 782 2985 «je
813 2939 899 2975 suis
931 2939 1077 2983 privee
1102 2950 1129 2981 »,
1162 2938 1216 2973 cf.
1250 2938 1311 2973 VI
1342 2937 1381 2973 2.
1414 2957 1470 2962 —
1529 2936 1678 2972 Studia
1711 2945 1718 2970 :
1751 2935 1985 2980 eloquence
2015 2935 2060 2970 et

417 3003 591 3036 surtout
627 2999 912 3045 philosophie.
946 3019 1001 3023 —
1059 2998 1199 3041 Quam
1237 2997 1399 3032 femina
1439 3006 1446 3030 :
1486 3005 1587 3041 voy.
1628 2994 1736 3030 XIV
1771 2993 1811 3037 2,
1850 2993 1983 3028 XVII
2018 2991 2060 3035 3,
