2154 3377
355 170 416 202 AD
452 168 670 201 HELVIAM
705 168 907 200 MATREM
943 168 1005 200 DE
1037 168 1417 201 CONSOLATIONE.
1455 170 1553 201 XVII
1722 158 1775 202 91

138 288 351 345 quisquis
387 287 557 331 rationi
593 287 747 335 cessit,
785 286 830 328 in
868 289 1148 342 perpetuum
1186 287 1501 342 componitur.
1537 288 1642 330 Non
1679 302 1780 331 sum

139 359 299 416 itaque
327 359 414 401 tibi
440 359 518 401 illa
545 360 910 402 monstraturus,
938 356 1110 413 quibus
1134 369 1243 399 usos
1267 371 1365 399 esse
1392 358 1567 400 multos
1593 359 1702 409 sci0,
1729 363 1784 402 ut

138 430 512 486 peregrinatione
544 432 589 471 te
621 428 697 471 uel
727 427 863 483 longa
902 427 1116 471 detineas
1147 428 1223 470 uel
1251 440 1449 470 amoena
1481 429 1699 478 delectes,
1730 433 1785 472 ut

137 500 376 544 rationum
397 499 777 556 accipiendarum
799 499 1058 554 diligentia,
1081 498 1353 554 patrimonii
1373 499 1784 542 administratione

139 571 345 614 multum
375 584 575 628 occupes
605 569 846 626 temporis,
878 573 935 612 ut
963 582 1145 626 semper
1176 582 1298 612 nouo
1331 574 1376 613 te
1407 570 1565 626 aliquo
1597 571 1785 626 negotio

140 641 350 698 implices
393 658 402 685 :
440 642 599 684 omnia
638 641 729 684 ista
768 641 828 683 ad
868 641 1090 697 exiguum
1130 645 1425 684 momentum
1464 644 1666 698 prosunt
1703 654 1788 684 nec

140 712 345 756 remedia
370 713 543 755 doloris
567 712 647 754 sed
674 711 1014 768 impedimenta
1039 715 1151 754 sunt
1176 726 1186 762 ;
1210 723 1294 768 ego
1319 715 1481 755 autem
1506 712 1629 754 malo
1654 712 1785 754 illum

140 783 348 827 desinere
381 795 524 840 quani
556 783 724 839 decipi.
762 783 926 839 Itaque
958 783 1035 825 illo
1067 787 1113 825 te
1145 783 1281 832 duco,
1315 795 1407 839 quo
1439 783 1673 833 omnibus,
1707 784 1785 839 qui

139 855 382 897 fortunam
409 855 614 910 fugiunt,
645 854 1010 910 confugiendum
1037 857 1125 904 est,
1153 854 1214 896 ad
1243 854 1453 897 liberalia
1480 854 1639 897 studia
1671 869 1680 897 ε
1708 854 1786 897 1113

142 925 382 968 sanabunt
415 926 587 968 uulnus
621 929 773 973 tuum,
820 925 897 968 illa
930 938 1119 967 omnem
1153 925 1401 968 tristitiam
1439 925 1526 968 tibi
1565 925 1786 968 euellent.

145 997 233 1040 His
264 997 409 1040 etiam
447 998 483 1039 si
522 1009 781 1053 numquam
809 996 1068 1045 adsuesses,
1098 1009 1223 1039 nunc
1260 997 1493 1039 utendum
1534 1000 1673 1047 erat;
1706 997 1786 1040 sed

146 1071 380 1124 quantum
427 1068 514 1110 tibi
561 1068 710 1124 patris
760 1068 851 1110 mei
897 1067 1124 1124 antiquus
1175 1067 1298 1123 rigor
1344 1067 1572 1123 permisit,
1625 1081 1788 1111 omnes

147 1198 227 1237 αὐτῷ
254 1200 369 1238 καὶμὴ
394 1198 585 1235 προσίεσθαι
609 1197 765 1237 φρουράν.
793 1207 806 1223 ›>
836 1213 890 1217 —-
951 1192 1125 1228 Rauen}
1151 1203 1158 1228 :
1185 1202 1284 1238 voy.
1311 1193 1352 1228 la
1376 1196 1478 1229 note
1508 1202 1580 1229 SUI·
1605 1195 1787 1239 adseclas

148 1255 194 1298 (§
212 1254 252 1298 1)
268 1256 310 1288 et
326 1253 427 1288 celle
443 1261 514 1287 sur
535 1253 640 1287 ratio
657 1252 719 1297 (X
739 1253 822 1297 11).
836 1271 883 1277 -
912 1252 1206 1298 componitur:
1236 1253 1459 1298 «s’apaise,
1483 1263 1526 1289 se
1548 1254 1728 1290 calme».
1742 1274 1787 1279 —

147 1312 297 1359 Itaque
317 1322 324 1347 ε
346 1311 398 1347 81.
422 1311 464 1347 11
483 1312 520 1347 2.
554 1331 608 1335 —
667 1311 983 1347 Monstraturus
1003 1322 1011 1347 :
1033 1323 1047 1346 «
1068 1312 1274 1356 prescrire
1298 1325 1326 1356 »‚
1345 1333 1400 1337 —
1416 1314 1554 1348 terme
1572 1313 1625 1349 de
1642 1313 1786 1350 mede-

147 1372 255 1415 cine,
276 1371 330 1406 cf.
357 1371 424 1406 Ad
446 1370 589 1416 Polyb.
612 1371 723 1406 VIII
745 1371 784 1414 1,
799 1372 843 1406 et
861 1371 942 1417 Ep.
966 1371 1206 1407 LXXVIII
1228 1371 1276 1407 5:
1300 1383 1314 1406 «
1338 1372 1528 1408 Medicus
1547 1373 1629 1409 tibi
1650 1382 1786 1419 quan-

146 1433 243 1467 tum
267 1430 522 1473 ambules...,
547 1430 805 1466 monstrabit.
831 1442 845 1464 »
868 1430 946 1466 Les
971 1431 1172 1466 5101818115
1196 1431 1470 1468 considerent
1492 1432 1551 1468 les
1576 1432 1787 1477 hommes,

149 1491 173 1526 a
196 1490 456 1535 l’exception
480 1490 552 1525 des
576 1498 691 1526 13185
715 1497 850 1535 Sages,
875 1499 1043 1526 comme
1066 1490 1139 1526 des
1164 1491 1373 1535 malades,
1398 1491 1457 1527 les
1481 1491 1596 1527 vices
1621 1501 1788 1528 comme

149 1550 222 1586 des
246 1549 452 1585 maladies
475 1550 559 1594 (De
583 1549 654 1584 Ira
680 1549 747 1584 III
771 1549 836 1593 10,
860 1549 929 1585 1-2
953 1561 963 1593 ;
990 1550 1050 1585 De
1077 1550 1202 1586 Clem.
1232 1550 1250 1585 I
1272 1551 1338 1594 17,
1367 1551 1437 1586 1-2
1460 1562 1470 1594 ;
1501 1551 1582 1597 Ep.
1610 1551 1788 1588 XXVII

151 1610 189 1653 1,
224 1609 302 1644 XL
336 1609 374 1652 4,
409 1608 515 1644 LIII
548 1609 605 1654 9),
632 1610 675 1644 et
698 1611 952 1653 comparent
983 1609 1021 1645 le
1053 1609 1308 1654 philosophe
1342 1610 1366 1645 a
1397 1619 1456 1645 un
1488 1611 1700 1655 medecin,
1732 1611 1786 1647 81.

153 1669 234 1714 Ep.
258 1668 423 1704 CXVII
444 1668 497 1704 33
521 1679 528 1703 :
552 1679 566 1702 «
589 1667 817 1704 Adsuescit
840 1668 1054 1704 animus...
1071 1669 1393 1714 philosophiam
1416 1670 1789 1707 oblectamentum

151 1728 306 1772 138818,
331 1737 429 1763 811111
453 1727 681 1763 remedium
704 1727 760 1763 sit
785 1740 799 1759 »
822 1738 831 1771 ;
862 1729 922 1763 De
955 1728 1104 1774 Tranq.
1136 1729 1218 1764 An.
1249 1729 1267 1764 I
1291 1729 1316 1765 2
1342 1740 1350 1764 :
1378 1740 1393 1763 «
1416 1729 1602 1774 Quare...
1629 1739 1716 1765 non
1739 1732 1790 1766 ut

151 1775 305 1823 medico
326 1787 467 1822 fatear
496 1787 515 1821 ‘.>
540 1799 554 1820 »
578 1798 586 1829 ;
612 1787 692 1832 Ep.
718 1786 854 1822 XXII
878 1788 897 1822 1
924 1798 932 1822 :
957 1798 971 1822 «
994 1787 1092 1823 Non
1113 1789 1260 1832 potest
1280 1789 1464 1824 medicus
1485 1798 1561 1834 per
1581 1789 1789 1835 epistulas

151 1847 278 1883 cibi...
305 1848 478 1891 tempus
504 1846 655 1891 eligere
679 1857 720 1889 »3
747 1846 968 1882 Musonius
995 1847 1136 1883 Rufus
1161 1847 1246 1893 (ed.
1272 1847 1430 1892 Hense,
1456 1857 1497 1893 p.
1527 1849 1568 1894 1)
1595 1859 1603 1884 :
1632 1860 1647 1882 «
1670 1852 1787 1886 Οῠτε...

150 1911 288 1952 ἰατρὸς
306 1909 465 1948 ἐκεῖνος...
489 1909 655 1949 ἐπαινετὸς
675 1910 692 1942 ὀ
717 1909 868 1953 φάρμακα
893 1911 1002 1942 πολλὰ
1031 1914 1223 1953 προσφέρων
1245 1915 1312 1950 τοῖς
1342 1915 1536 1945 νοσοῦσιν...
1571 1911 1655 1944 Οὔτε
1681 1914 1791 1954 φιλό-

149 1975 272 2011 σοφος
306 1969 323 2001 ὁ
355 1969 408 2001 διὰ
446 1971 578 2001 πολλῶν
615 1969 812 2008 ἀποδείξεων
848 1970 1022 2002 διδάσκων.
1046 1977 1060 1998 >>
1101 1987 1155 1991 -—
1212 1967 1588 2013 Peregrinatione:
1622 1968 1675 2004 cf.
1707 1969 1788 2014 Ep.

153 2025 355 2061 XXVIII
377 2025 396 2060 1
422 2035 429 2060 :
464 2025 640 2060 «Hoc...
677 2025 902 2061 admiraris
932 2026 1056 2071 quasi
1092 2035 1182 2062 rem
1217 2035 1377 2062 nouam
1406 2027 1523 2072 quod
1550 2028 1791 2073 peregrina-

151 2084 261 2120 tione
287 2086 381 2120 tam
408 2084 536 2129 longa
563 2086 607 2120 et
633 2086 702 2120 tot
726 2085 918 2120 locorum
944 2086 1233 2121 uarietatibus
1269 2095 1356 2121 non
1384 2086 1624 2123 discussisti
1656 2087 1794 2124 tristi·

152 2144 306 2179 tiam...
338 2143 357 2179 ‘2
403 2143 609 2179 Animum
648 2143 766 2180 debes
799 2146 978 2189 mutare,
1018 2155 1103 2181 non
1140 2146 1312 2181 caelum.
1338 2158 1353 2180 »
1389 2145 1450 2182 Cf.
1491 2155 1644 2182 encore
1684 2147 1789 2183 Hor.

156 2203 294 2239 Cat-m.
326 2202 368 2238 II
397 2202 462 2247 16,
488 2202 538 2238 21
573 2212 684 2249 sqq.,
716 2203 784 2239 III
811 2204 849 2248 1,
883 2204 935 2240 37
963 2212 1057 2250 sqq.
1083 2215 1093 2249 ;
1135 2205 1216 2250 Ep.
1250 2205 1267 2240 Ι
1296 2206 1362 2249 11,
1399 2206 1452 2242 27
1485 2206 1674 2251 (d’apres
1706 2216 1791 2242 une

154 2264 356 2298 sentence
383 2262 597 2308 grecque).
629 2282 685 2287 -—
742 2263 1124 2300 Administratione
1151 2274 1159 2300 :
1192 2264 1245 2300 81.
1280 2264 1388 2300 XIV
1417 2265 1455 2301 3.
1488 2286 1543 2290 —
1601 2266 1793 2302 Momen-

155 2325 249 2357 tum
271 2331 279 2356 :
313 2321 458 2357 derive
487 2330 567 2366 par
595 2331 785 2367 syncope
806 2322 860 2359 de
883 2324 1198 2368 monimentum,
1225 2323 1311 2360 litt.
1334 2335 1342 2360 :
1372 2335 1387 2358 «
1409 2334 1455 2360 ce
1482 2325 1556 2370 qui
1582 2325 1664 2361 fait
1690 2335 1792 2370 pen-

156 2381 257 2416 cher
281 2380 480 2426 (mouere)
514 2380 552 2417 le
587 2382 765 2427 plateau
803 2382 856 2418 de
892 2382 934 2418 13
965 2383 1196 2427 balance»,
1228 2383 1281 2419 de
1311 2383 1352 2419 la
1385 2394 1393 2419 :
1427 2395 1443 2418 «
1463 2384 1602 2429 poids,
1633 2385 1793 2430 impor-

154 2442 297 2483 tance‚
329 2442 524 2476 moment
561 2441 806 2486 important
829 2453 856 2486 »,
897 2442 992 2487 puis
1025 2444 1126 2478 tout
1158 2443 1468 2488 simplement:
1507 2454 1523 2478 «
1544 2447 1792 2488 moment»,

154 2499 356 2544 frequent
380 2499 482 2535 chez
507 2499 701 2546 seneque
726 2500 832 2536 dans
858 2511 905 2537 88
929 2501 1097 2537 dernier
1126 2510 1222 2538 sens
1250 2503 1335 2548 (De
1357 2503 1483 2539 Clem.
1510 2503 1528 2539 I
1551 2504 1616 2547 19,
1639 2504 1662 2540 5
1685 2515 1696 2548 ;
1731 2504 1792 2540 De

158 2558 260 2594 Ben.
282 2558 298 2593 I
318 2557 383 2602 12,
399 2558 438 2602 3,
458 2559 525 2594 III
542 2559 581 2603 9,
594 2559 643 2603 2;
668 2560 749 2606 Ep.
765 2560 853 2596 XX
871 2560 928 2605 6),
945 2561 1092 2597 tandis
1110 2571 1194 2608 que
1213 2562 1271 2598 les
1290 2562 1522 2608 classiques
1540 2563 1792 2608 emploient‚

155 2620 275 2653 entre
292 2619 451 2662 autres,
467 2618 491 2654 3
520 2618 562 2654 13
583 2619 719 2664 place,
741 2621 944 2665 punctum
971 2621 1168 2666 temporis
1188 2620 1350 2666 (Cesar,
1377 2622 1439 2658 De
1463 2622 1514 2657 Β.
1541 2622 1637 2658 C.II
1661 2622 1788 2667 14,4).

241 2677 280 2713 3.
312 2697 367 2702 —
423 2677 605 2724 ltaque:
635 2678 688 2714 81.
725 2679 767 2714 II
795 2678 833 2714 2.
866 2698 921 2704 —
978 2679 1056 2715 Illo
1075 2694 1124 2710 =
1156 2679 1269 2724 illuc,
1300 2681 1353 2716 cf.
1386 2680 1469 2717 XV
1492 2682 1527 2717 1.
1561 2701 1616 2706 —
1673 2681 1792 2717 Libe-

155 2736 261 2772 raIIa
288 2736 429 2772 studla
459 2747 468 2772 ε
498 2745 599 2783 voy.
628 2737 671 2773 la
699 2739 801 2774 note
830 2738 893 2774 VI
922 2738 960 2774 2.
992 2758 1048 2763 —
1104 2739 1184 2775 lna
1211 2740 1428 2776 sanabunt
1457 2751 1466 2776 :
1497 2749 1597 2786 voy.
1632 2740 1788 2776 Introd.

165 2796 185 2840 §
204 2795 270 2832 26.
303 2815 357 2820 —
412 2796 625 2832 Vtendum
644 2800 736 2833 erat
757 2807 765 2832 :
787 2806 887 2843 voy.
909 2798 951 2833 la
970 2799 1088 2842 note,
1109 2798 1206 2844 plus
1227 2799 1318 2843 bas,
1339 2808 1412 2835 sur
1431 2799 1670 2846 parandum
1690 2801 1793 2836 esset

157 2854 204 2899 (ξ
227 2854 282 2900 4).
314 2875 369 2879 -
426 2855 640 2901 Antiquus
661 2856 774 2902 rigor
797 2867 805 2892 ε
829 2865 929 2902 voy.
957 2857 1115 2893 Introd.
1148 2859 1168 2903 ξ
1191 2858 1257 2902 13,
1281 2861 1324 2895 81
1347 2858 1400 2894 cf.
1429 2859 1510 2904 Ep.
1535 2858 1679 2894 CVIII
1703 2858 1756 2894 22
1781 2869 1789 2894 :

160 2924 175 2947 a
198 2913 294 2950 Non
323 2914 585 2950 calumniam
613 2915 800 2952 timebat
828 2915 937 2961 (S.-e.
968 2917 1126 2963 pater),
1155 2917 1230 2953 sed
1262 2917 1573 2964 philosophiam
1600 2917 1750 2953 oderat.
1778 2930 1793 2952 »

1672 2999 1704 3026 11
