2195 3345
401 202 460 248 38
699 217 743 248 L.
778 217 943 249 ANNAEI
976 218 1171 250 SENECAE
1204 218 1524 251 DIALOGORUM
1549 219 1645 251 LIB.
1674 219 1745 251 ΧΠ

319 362 327 370 .
403 345 548 388 quam
590 334 671 377 diu
698 334 787 391 ipsi
814 335 1128 378 manebimus.
1155 334 1346 378 Alacres
1372 336 1534 392 itaque
1562 339 1613 378 et
1638 336 1796 386 erecti,
1827 348 2055 392 quocum-

404 416 495 459 que
514 418 586 448 res
606 406 784 455 tulerit,
805 406 1041 462 intrepido
1060 406 1210 462 gradu
1245 419 1564 463 properemus,
1599 406 1880 450 emetiamur
1915 419 2059 463 quas-

403 488 604 532 cumque
623 480 772 520 terras
795 491 804 519 :
824 477 1005 520 nullum
1024 477 1225 520 inueniri
1242 478 1435 521 exilium
1453 478 1578 520 intra
1597 478 1829 520 mundum
1854 477 2021 534 (potest
2035 492 2054 531 ;

405 546 529 590 nihil
569 547 704 597 enim,
749 548 867 604 quod
910 548 1031 591 intra
1072 548 1320 604 mundum)
1365 552 1452 599 est,
1495 549 1701 592 alienum
1744 548 1923 591 homini
1964 552 2054 592 est.

407 617 745 674 Vndecumque
793 632 854 661 ex
897 631 1049 676 aequo
1097 620 1157 662 ad
1206 620 1388 663 caelum
1434 620 1628 675 erigitur
1674 619 1812 669 acies,
1861 620 2055 676 paribus

323 721 331 729 .
404 688 668 732 interuallis
706 689 865 732 omnia
905 690 1067 733 diuina
1107 690 1168 733 ab
1207 691 1428 733 omnibus
1468 691 1687 733 humanis
1726 690 1925 734 distant.
1945 691 2061 734 Pro-

402 759 528 810 inde,
555 760 668 802 dum
692 760 815 803 oculi
839 761 930 804 mei
955 761 1016 804 ab
1040 761 1118 804 illo
1144 762 1430 818 spectacu10‚
1457 761 1588 804 cuius
1612 762 1905 805 insatiabiles
1928 765 2056 812 sunt,

406 843 502 873 non
538 831 855 882 abducantur,
894 832 1008 875 dum
1045 833 1161 876 mihi
1199 833 1343 875 solem
1396 833 1651 889 lunamque
1689 833 1862 876 intueri
1900 833 2057 883 liceat,

406 902 521 944 dum
549 902 716 945 ceteris
740 903 981 946 inhaerere
1008 904 1254 954 sideribus,
1283 904 1397 946 dum
1423 907 1557 946 ortus
1582 916 1745 946 eorum
1770 916 2059 960 occasusque

406 975 457 1015 et
475 972 728 1016 interualla
747 977 798 1017 et
818 987 983 1018 causas
1003 975 1288 1031 inuestigare
1309 974 1386 1018 uel
1405 974 1535 1017 ocius
1554 975 1744 1017 meandi
1764 975 1842 1017 uel
1859 974 2061 1025 tardius,

489 1125 531 1158 N.
553 1126 589 1158 C.
613 1143 649 1149 —-
673 1126 768 1158 VIII
785 1126 818 1159 5.
849 1127 963 1160 uerba
982 1136 1047 1160 sex
1066 1136 1075 1159 t
1110 1129 1221 1168 polest
1239 1137 1248 1166 ;
1283 1127 1379 1159 nihil
1396 1127 1504 1166 enim,
1525 1127 1618 1168 quod
1637 1127 1733 1159 intra
1760 1127 1937 1159 mundum
1971 1129 2057 1167 post

412 1180 588 1211 mundum
607 1182 645 1212 et
664 1182 752 1212 ante
771 1182 821 1212 est
838 1181 958 1221 suppl.
979 1181 1122 1213 Vahlen
1141 1190 1150 1219 ;
1171 1182 1304 1221 (potest
1317 1190 1333 1219 ;
1353 1181 1494 1212 nullum
1514 1181 1610 1213 enim
1628 1180 1744 1213 solum
1765 1181 1860 1213 intra
1879 1181 2059 1212 mundum

414 1233 590 1272 alienum)
620 1233 759 1265 homini
780 1236 830 1266 est
850 1234 958 1275 scrip.
982 1234 1143 1274 Madvig.
1169 1252 1209 1257 —
1238 1235 1333 1266 VIII
1351 1235 1383 1266 6.
1412 1235 1641 1273 uelociusA3
1669 1235 1725 1266 uel
1749 1234 1849 1266 ocius
1875 1234 1913 1266 C.
1937 1234 1978 1266 F.
2001 1233 2062 1266 W.

415 1286 557 1319 Miiller.
575 1304 610 1309 —
629 1287 685 1318 uel
695 1287 809 1326 dius!
824 1288 1046 1328 A(eras.s);
1071 1288 1127 1319 uel
1150 1288 1289 1319 tardius
1310 1294 1371 1328 ug.
1394 1287 1480 1319 inde
1503 1288 1550 1319 ab
1574 1288 1744 1320 Erasmo.

416 1422 507 1467 lite,
529 1424 649 1467 c’est,
672 1424 849 1460 suivant
877 1434 924 1460 sa
951 1434 1107 1470 propre
1135 1425 1398 1470 expression,
1421 1434 1588 1460 comme
1607 1424 1711 1460 d'un
1741 1435 1756 1458 «
1779 1425 1890 1460 beau
1920 1425 2022 1460 reve
2047 1444 2062 1466 ,>

418 1492 575 1528 propre
604 1483 628 1519 a
655 1483 694 1519 le
719 1483 911 1519 consoler
936 1484 1036 1530 (Ep.
1064 1484 1143 1520 CII
1167 1484 1224 1530 2).
1545 1475 1548 1477 ’

506 1544 544 1579 5.
576 1564 632 1568 ——
690 1544 970 1590 Quocumque
1002 1554 1010 1578 :
1043 1543 1201 1588 emploi
1231 1543 1443 1588 classique
1472 1543 1592 1587 (adv.
1623 1542 1819 1587 relatif);
1850 1542 1902 1577 de
1923 1543 2065 1578 meme

419 1613 529 1648 pour
550 1603 833 1649 undecumque
851 1603 947 1648 plus
969 1603 1059 1638 bas.
1082 1603 1144 1639 Cf.
1165 1603 1207 1638 13
1226 1605 1328 1638 note
1348 1612 1420 1637 sur
1440 1604 1658 1648 utcumque
1677 1602 1717 1646 (I
1738 1601 1794 1647 1).
1815 1623 1871 1627 -
1928 1602 2064 1646 Quas-

420 1673 604 1709 cumque
639 1673 647 1697 :
682 1672 849 1698 comme
880 1672 991 1708 pour
1021 1662 1081 1698 les
1115 1662 1214 1698 adv.
1250 1662 1473 1704 ci-dessus,
1505 1661 1698 1706 l’emploi
1730 1662 1783 1696 de
1814 1661 2065 1707 quicumque

422 1732 591 1758 comme
618 1731 802 1767 pronom
830 1731 885 1757 ou
914 1722 1000 1767 adj.
1030 1721 1212 1757 indefini
1241 1723 1305 1757 est
1332 1731 1427 1756 rare
1455 1721 1479 1756 a
1506 1720 1707 1766 l’epoque
1735 1720 1963 1766 classique.
1997 1720 2065 1756 On

422 1781 523 1817 n'en
540 1784 697 1817 trouve
717 1781 852 1827 qu'un
871 1791 926 1817 ou
945 1782 1060 1817 deux
1079 1780 1295 1825 exemples
1314 1781 1418 1816 chez
1438 1780 1521 1816 Cic.
1543 1780 1678 1825 (Tim.
1699 1781 1751 1824 V,
1771 1780 1824 1816 cf.
1850 1780 1919 1816 Ad
1941 1780 2063 1815 Fam.

427 1842 486 1877 IV
513 1842 551 1884 8,
579 1841 635 1886 2).
665 1841 772 1877 Sous
798 1841 1022 1886 l'Empire‚
1049 1851 1105 1876 au
1132 1840 1362 1883 contraire,
1390 1843 1459 1876 cet
1486 1839 1645 1884 emploi
1673 1842 1738 1876 est
1763 1840 1968 1885 frequent
1995 1848 2005 1874 :
2031 1837 2064 1873 il

423 1900 521 1936 faut
551 1900 661 1935 alors
690 1899 885 1936 traduire
913 1901 1160 1946 quicumque
1190 1909 1269 1944 par
1301 1910 1308 1934 :
1341 1910 1356 1933 «
1378 1899 1612 1944 n'importe
1642 1899 1717 1945 qui
1746 1909 1802 1935 ou
1831 1898 2067 1943 n'importe

425 1960 540 2006 quel,
559 1962 660 1996 tout
684 1971 710 1994 ».
735 1960 795 1995 Cf.
814 1959 1005 1995 d'autres
1027 1959 1270 2004 exemples:
1297 1961 1358 1996 De
1380 1960 1453 1994 Ira
1476 1959 1544 1994 III
1563 1959 1631 2002 24,
1653 1959 1677 1994 4
1697 1969 1706 2002 ;
1731 1961 1793 1995 De
1816 1959 1920 1994 Ben.
1942 1957 2005 1993 VI
2025 1957 2066 2000 3,

427 2022 447 2056 1
474 2030 484 2063 ;
512 2020 594 2065 Ep.
623 2019 767 2056 XLIV
792 2019 830 2055 5.
862 2040 916 2044 —
977 2020 1040 2054 Ex
1064 2029 1201 2064 aequo
1228 2029 1236 2054 :
1264 2018 1514 2054 differentes
1540 2017 1830 2063 prepositions
1854 2017 2015 2062 Jointes
2042 2017 2067 2052 ὲ

425 2089 486 2115 un
513 2079 601 2124 adj.
630 2081 783 2114 neutre
809 2078 1000 2114 forment
1029 2079 1102 2114 des
1129 2077 1344 2114 locutions
1373 2077 1658 2120 adverbiales,
1687 2079 1862 2113 surtout
1889 2077 1998 2112 dans
2026 2075 2069 2110 la

426 2139 584 2184 langue
602 2138 654 2173 de
670 2137 895 2182 l'Empire,
914 2147 992 2182 par
1010 2137 1206 2182 exemple
1226 2148 1234 2172 :
1255 2148 1303 2173 ex
1320 2139 1398 2173 toto
1416 2137 1500 2182 (De
1520 2137 1593 2172 Ira
1614 2137 1682 2172 III
1700 2137 1767 2180 42,
1788 2136 1830 2181 1)
1855 2146 1866 2179 ;
1883 2146 1932 2171 ex
1948 2135 2071 2171 solito

428 2199 532 2244 (Ep.
567 2197 808 2233 LXXVIII
842 2197 945 2242 12);
977 2208 1025 2233 ex
1058 2197 1215 2242 integro
1248 2196 1448 2242 (Quintil.
1483 2197 1526 2232 X
1559 2196 1597 2238 1,
1630 2195 1735 2239 20);
1768 2204 1843 2239 pro
1878 2192 2070 2229 indiuiso

429 2259 521 2304 (Ad
548 2257 642 2294 Hel.
673 2257 788 2292 XIX
817 2257 859 2302 1)
883 2267 892 2300 3
921 2267 994 2302 per
1021 2258 1150 2292 totum
1177 2256 1262 2301 (De
1294 2256 1386 2292 otio
1413 2257 1451 2292 V
1479 2255 1521 2300 6)
1548 2266 1557 2298 ;
1588 2255 1632 2290 in
1660 2254 1820 2300 perdito
1849 2253 1933 2298 (De
1964 2252 2070 2288 Ben.

430 2318 518 2353 VII
541 2318 608 2360 30,
633 2319 674 2364 1)
700 2329 709 2361 ;
735 2318 780 2353 in
805 2316 1055 2352 immensum
1078 2316 1197 2361 (Tac.
1228 2317 1360 2352 Germ.
1385 2315 1495 2360 VI);
1521 2315 1565 2350 in
1590 2314 1839 2350 uniuersum
1861 2313 1953 2358 (Ad
1975 2312 2075 2349 Hel.

433 2378 550 2413 XIII
579 2378 657 2423 3);
690 2378 735 2413 in
767 2387 927 2412 uanum
958 2376 1043 2421 (De
1081 2376 1232 2421 Tranq.
1269 2376 1352 2411 An.
1388 2375 1454 2410 IX
1483 2374 1539 2419 3).
1573 2373 1634 2410 Cf.
1668 2382 1821 2408 encore
1852 2372 1898 2407 in
1927 2371 2072 2407 maius

435 2437 530 2481 (Ad
553 2437 645 2472 Hel.
668 2437 755 2472 VII
776 2436 818 2481 4)
840 2438 882 2471 et
900 2435 944 2470 la
963 2437 1079 2470 note.
1101 2455 1155 2459 —-
1217 2434 1431 2470 Humanis
1453 2444 1461 2468 :
1483 2433 1593 2478 plur.
1616 2443 1674 2475 n.,
1695 2441 1796 2478 voy.
1818 2431 1860 2467 la
1879 2433 1982 2467 note
2002 2439 2081 2466 sur

433 2497 672 2532 caelestium
693 2496 773 2541 (VI
795 2496 851 2540 7).
1140 2502 1142 2504 ·

518 2557 556 2592 6.
589 2576 644 2581 —-
674 2555 855 2591 Proinde
884 2564 892 2589 :
923 2564 1013 2590 «en
1040 2554 1351 2599 consequence,
1381 2553 1541 2588 donc».
1573 2552 1637 2587 Ne
1664 2549 1886 2595 s’emploie
1913 2559 2077 2586 correc-

433 2617 619 2658 tement‚
646 2615 670 2650 3
694 2614 895 2659 l’epoque
919 2613 1146 2659 classique,
1173 2623 1257 2658 que
1281 2622 1392 2657 pour
1414 2610 1655 2647 introduire
1680 2621 1740 2645 un
1765 2610 1889 2646 ordre
1911 2619 1967 2645 ou
1991 2618 2080 2644 une

438 2673 733 2717 exhortation,
762 2675 805 2709 et
832 2683 885 2708 ne
913 2682 956 2708 se
982 2676 1140 2709 trouve
1168 2682 1251 2718 que
1279 2672 1386 2707 dans
1415 2672 1488 2707 des
1516 2670 1809 2716 propositions
1838 2669 1862 2705 3
1888 2667 2073 2713 l'imper.

439 2745 495 2770 ou
523 2744 578 2770 au
605 2733 717 2778 subj.
747 2733 853 2769 Sous
880 2731 1104 2777 l'Empire,
1130 2731 1161 2766 il
1188 2731 1365 2767 devient
1382 2731 1421 2766 le
1436 2730 1589 2774 simple
1604 2728 1858 2774 equivalent
1873 2728 1926 2763 de
1947 2727 2083 2772 igitur

440 2797 484 2830 et
509 2804 553 2829 se
577 2794 805 2829 rencontre
830 2801 936 2827 avec
959 2794 1059 2827 tous
1084 2791 1143 2826 les
1169 2791 1333 2834 modes,
1369 2790 1422 2825 cf.
1451 2789 1586 2832 Pline,
1614 2790 1772 2834 Paneq.
1800 2787 1993 2823 LXXIV
2018 2786 2042 2822 3
2067 2795 2080 2821 τ

441 2853 662 2890 «Proinde
699 2852 879 2887 dabat...
905 2862 932 2886 ».
964 2871 1019 2876 —
1076 2850 1345 2886 Insatiabiles
1383 2859 1392 2885 :
1429 2858 1530 2894 voy.
1567 2848 1610 2884 13
1646 2850 1749 2883 note
1785 2856 1858 2882 sur
1893 2845 2081 2882 mundus

441 2914 489 2959 (ξ
515 2913 572 2959 4).
603 2932 659 2937 —
719 2910 931 2947 Sideribus
959 2920 967 2945 ε
997 2920 1011 2943 «
1032 2909 1228 2954 planetes
1253 2921 1267 2943 »
1293 2919 1345 2945 en
1372 2907 1619 2954 opposition
1647 2908 1671 2943 a
1696 2907 1834 2943 stellas
1859 2905 1956 2951 plus
1984 2905 2078 2940 bas.

443 2972 559 3009 C'est
587 2973 775 3008 souvent
803 2970 842 3006 le
870 2978 940 3005 cas
970 2970 1073 3005 chez
1103 2969 1298 3014 seneque
1327 2968 1399 3014 (cf.
1435 2967 1503 3004 Ad
1533 2969 1667 3004 Marc.
1700 2965 1857 3003 XVIII
1884 2965 1910 3001 2
1945 2966 1989 3000 et
2020 2963 2079 3008 3).
