2195 3345
459 203 518 248 46
751 215 794 246 L.
834 213 999 246 ANNAEI
1031 214 1227 246 SENECAE
1258 213 1579 246 DIALOGORUM
1612 214 1706 246 LIB.
1743 215 1812 247 XII

455 331 625 388 aliquis
650 331 760 374 exul
785 330 874 373 sibi
899 330 1155 380 uideretur,
1183 330 1310 387 quod
1335 331 1396 373 ab
1422 331 1558 374 exule
1584 332 1824 375 recederet
1848 333 1858 376 !
1891 336 2103 390 quantus

457 403 526 446 uir
565 403 673 452 fuit,
715 402 795 459 qui
833 402 882 444 in
919 402 1285 444 admirationem
1325 402 1396 445 sui
1434 402 1641 445 adduxit
1678 403 1916 446 hominem
1956 403 2101 447 etiam

456 474 624 517 Catoni
644 486 726 516 suo
747 472 1017 516 mirandum
1045 473 1054 515 1
1080 472 1210 515 Idem
1227 473 1405 516 Brutus
1423 473 1495 516 ait
1513 473 1562 517 C.
1584 473 1830 517 Caesarem
1849 474 2104 530 Mytilenas

454 547 851 602 praeteruectum‚
877 544 987 600 quia
1011 556 1106 585 non
1129 543 1384 587 sustineret
1405 544 1564 587 uidere
1588 544 1909 588 deformatum
1930 545 2104 589 uirum.

459 617 529 659 Illi
560 616 750 672 quidem
779 615 985 658 reditum
1014 614 1278 670 inpetrauit
1305 618 1499 658 senatus
1528 615 1729 671 publicis
1757 616 1974 672 precibus
2002 620 2104 660 tam

453 688 681 731 sollicitus
708 699 764 729 ac
790 689 1016 736 maestus,
1046 689 1102 728 ut
1127 699 1290 729 omnes
1317 687 1394 729 illo
1424 687 1497 729 die
1524 687 1662 730 Bruti
1690 686 1862 730 habere
1889 687 2102 730 animum

453 759 728 801 uiderentur
748 760 800 800 et
820 770 915 800 non
937 769 1019 814 pro
1045 757 1278 807 Marcello,
1303 757 1383 800 sed
1407 770 1490 813 pro
1514 771 1561 800 se
1584 758 1840 814 deprecari,
1864 771 1921 801 ne
1942 758 2104 802 exules

454 833 626 879 essent,
663 829 701 871 si
736 829 832 871 sine
869 829 946 871 illo
983 828 1220 878 fuissent;
1256 829 1335 871 sed
1372 828 1477 884 plus
1512 829 1662 871 multo
1700 833 1982 873 consecutus
2014 832 2103 880 est,

455 914 546 957 quo
585 901 658 943 die
694 900 827 943 illum
862 900 1048 943 exulem
1083 900 1261 942 Brutus
1297 899 1556 954 relinquere
1593 912 1688 942 non
1724 900 1898 956 potuit,
1937 900 2106 944 Caesar

534 1049 575 1080 N.
597 1049 633 1080 C.
660 1066 694 1070 —
731 1049 785 1080 IX
810 1048 842 1079 5.
871 1058 938 1089 quo
959 1049 1004 1079 ab
1025 1049 1123 1079 exule
1142 1049 1172 1079 A
1193 1057 1201 1085 ;
1222 1048 1314 1087 quod
1334 1047 1379 1078 ab
1405 1048 1504 1078 exule
1526 1054 1584 1086 ug.
1611 1065 1646 1069 —
1687 1047 1742 1078 IX
1770 1047 1803 1078 6.
1833 1046 2031 1087 Mitylenas
2054 1047 2099 1084 A,

457 1112 547 1134 corr.
575 1103 731 1134 Fickert.

457 1232 584 1269 Aussi
613 1231 832 1268 laissa—t-il
863 1235 1020 1269 autour
1051 1233 1102 1268 de
1131 1232 1191 1267 lui
1219 1233 1374 1269 traiter
1403 1241 1520 1269 assez
1552 1233 1638 1269 mal
1667 1243 1746 1268 son
1776 1233 2098 1278 predecesseur.

458 1293 537 1329 Les
557 1302 801 1338 empereurs
821 1292 1019 1328 suivants
1037 1291 1310 1328 l’imiterent:
1332 1293 1356 1328 a
1374 1292 1415 1328 la
1434 1302 1536 1328 cour
1549 1293 1622 1328 des
1641 1293 1802 1336 CesarS‚
1820 1291 2099 1339 onjeondam—

458 1352 551 1388 nait
581 1354 886 1388 ouvertement
914 1351 956 1387 13
986 1361 1112 1388 cause
1142 1352 1194 1387 de
1225 1352 1363 1388 Cesar.
1397 1352 1592 1397 Seneque
1622 1354 1665 1388 et
1697 1351 1950 1397 Quintilien,
1981 1352 2098 1388 deux

458 1410 669 1448 ecrivains
700 1411 917 1456 iouissant
950 1412 1002 1447 de
1033 1411 1074 1446 13
1105 1411 1259 1447 faveur
1288 1411 1525 1456 imperiale,
1559 1411 1781 1456 appellent
1811 1411 1854 1446 la
1885 1420 2014 1447 cause
2046 1412 2099 1448 de

459 1472 647 1516 Pompee
669 1482 684 1505 «
705 1471 747 1506 la
769 1472 911 1506 bonne
933 1481 1059 1506 cause
1083 1482 1111 1514 ›>,
1134 1470 1187 1506 cf.
1215 1473 1276 1508 De
1300 1471 1471 1507 Prouid.
1500 1471 1568 1506 ΙΙἸ
1592 1471 1642 1506 14
1665 1473 1709 1507 et
1734 1470 1913 1516 Quintil.
1939 1471 2031 1508 XII
2054 1471 2095 1515 1,

460 1531 525 1574 16,
543 1534 586 1567 et
601 1540 701 1577 voy.
722 1531 770 1567 G.
787 1529 987 1574 Boissier,
1004 1530 1296 1577 L'opposition
1311 1541 1408 1565 sous
1424 1531 1480 1565 les
1500 1531 1660 1573 δέεαι-3,
1678 1540 1719 1575 p.
1739 1530 1833 1566 279.

541 1591 579 1626 6.
612 1611 668 1615 —
729 1592 953 1627 Caesarem
974 1590 1200 1636 Mytilenas
1223 1594 1566 1635 praeteruectum
1591 1600 1598 1624 :
1623 1598 1731 1625 nous
1756 1590 2022 1634 ajouterions
2045 1600 2099 1626 en

458 1649 644 1696 franeais
675 1660 683 1685 :
714 1659 849 1685 «sans
878 1649 943 1695 s'y
972 1651 1134 1685 arreter
1156 1660 1182 1684 ».
1215 1649 1461 1694 D'Egypte‚
1492 1649 1547 1684 ou
1574 1648 1602 1683 11
1632 1648 1779 1685 s'etait
1806 1650 1945 1685 rendu
1973 1650 2097 1695 apres

460 1709 664 1745 Pharsale
691 1719 743 1744 en
770 1708 1059 1754 poursuivant
1086 1719 1163 1744 son
1191 1707 1375 1751 ennemi,
1405 1709 1546 1752 Cesar,
1576 1711 1711 1744 avant
1739 1709 1792 1744 de
1818 1711 2045 1745 retourner
2074 1710 2098 1745 a

460 1770 612 1812 Rome,
639 1769 746 1805 etait
773 1769 853 1804 alle
876 1771 1116 1805 soumettre
1142 1769 1378 1811 Pharnace,
1403 1768 1466 1803 roi
1492 1768 1549 1803 du
1574 1769 1797 1812 Bosphore
1823 1767 2097 1812 Cimmerien,

458 1828 639 1864 victoire
664 1828 829 1864 celebre
853 1838 932 1873 par
955 1828 993 1863 16
1019 1839 1034 1861 «
1067 1828 1185 1871 Veni,
1213 1827 1318 1871 uidi,
1347 1828 1431 1862 uici
1455 1839 1482 1862 ».
1511 1827 1625 1864 C’est
1650 1827 1985 1872 probablement
2011 1828 2035 1864 a
2058 1828 2102 1863 la

458 1888 571 1924 suite
596 1888 648 1923 de
673 1890 788 1924 cette
813 1896 1066 1933 campagne,
1093 1886 1201 1923 ainsi
1227 1897 1310 1932 que
1334 1887 1372 1923 16
1397 1896 1585 1931 suppose
1612 1888 1666 1923 M.
1697 1887 1818 1930 Duff,
1847 1897 1931 1933 que
1956 1888 2100 1931 Cesar,

458 1948 620 1983 faisant
641 1947 753 1984 voile
774 1957 870 1983 vers
891 1947 1066 1990 l'Italie,
1089 1956 1217 1991 passa
1239 1956 1293 1982 au
1314 1947 1431 1992 large
1453 1947 1504 1982 de
1528 1946 1748 1992 Mytilene.
1781 1967 1836 1971 -—
1897 1946 2102 1983 Raditum

458 2008 690 2053 inpetrauit
712 2011 888 2043 senatus
916 2017 923 2041 :
965 2016 1019 2042 on
1057 2009 1264 2042 trouvera
1288 2006 1326 2042 le
1351 2006 1457 2042 recit
1484 2006 1536 2041 de
1562 2008 1677 2042 cette
1702 2007 1855 2042 seance
1881 2006 1939 2041 du
1965 2006 2100 2043 senat

460 2069 566 2103 dans
590 2077 675 2103 une
697 2066 826 2103 lettre
852 2067 903 2101 de
929 2066 1104 2102 Ciceron
1129 2066 1152 2101 a
1176 2065 1389 2110 Sulpicius
1413 2066 1504 2110 (Ad
1531 2066 1650 2101 Fam.
1681 2066 1740 2101 IV
1763 2066 1819 2110 4).
1846 2066 1893 2101 L.
1921 2065 2100 2110 Calpur-

460 2128 555 2162 nius
584 2127 727 2170 Pison,
756 2127 988 2171 beau-pere
1015 2126 1067 2161 de
1094 2126 1235 2168 Cesar,
1263 2128 1399 2171 ayant
1424 2125 1506 2161 fait
1533 2124 1718 2160 allusion
1745 2125 1768 2160 a
1795 2124 2036 2168 Marcellus,
2061 2124 2102 2161 16

458 2187 566 2222 frere
595 2187 647 2222 de
673 2185 842 2222 celui-ci
870 2186 955 2222 alla
980 2196 1024 2221 se
1049 2186 1160 2230 jeter
1187 2195 1275 2221 aux
1299 2185 1421 2230 pieds
1451 2185 1507 2220 du
1536 2184 1755 2221 dictateur
1783 2194 1835 2220 en
1861 2184 2101 2230 implorant

459 2256 507 2282 sa
530 2246 758 2289 clemence,
785 2249 827 2281 et
850 2249 949 2282 tous
972 2245 1031 2281 les
1057 2246 1281 2281 senateurs
1306 2245 1578 2291 appuyerent
1602 2254 1648 2280 ce
1672 2247 1957 2280 mouvement
1981 2253 2034 2280 en
2056 2254 2102 2280 se

458 2306 608 2342 levant
627 2308 670 2342 et
690 2315 741 2341 en
761 2305 1072 2350 s'approchant
1092 2305 1143 2340 de
1164 2305 1304 2347 Cesar,
1325 2304 1399 2350 qui
1418 2312 1461 2339 se
1479 2303 1609 2339 laissa
1627 2303 1791 2339 flechir.
1815 2303 2005 2346 Ciceron,
2025 2303 2100 2349 qui

461 2364 653 2401 assistait
679 2366 702 2401 a
726 2365 768 2400 la
793 2366 932 2408 scene,
959 2375 1011 2400 en
1037 2364 1107 2400 fut
1132 2364 1166 2399 si
1193 2364 1291 2399 emu
1317 2363 1423 2409 qu'il
1449 2363 1601 2399 eerivit
1640 2363 1664 2398 a
1703 2362 1916 2408 Sulpicius
1943 2373 1952 2398 :
1992 2373 2008 2396 «
2032 2363 2102 2399 Ita

460 2425 565 2461 mihi
590 2425 767 2469 pulcher
792 2424 861 2460 hic
887 2424 975 2460 dies
1001 2423 1118 2459 uisus
1146 2426 1224 2467 est,
1250 2426 1300 2459 ut
1325 2423 1512 2468 speciem
1538 2421 1732 2468 aliquam
1757 2422 1927 2458 uiderer
1951 2421 2100 2458 uidere

461 2484 584 2530 quasi
607 2483 905 2520 reuiuiseentis
930 2483 989 2519 rei
1012 2482 1225 2528 publicae.
1252 2494 1266 2516 »
1290 2482 1412 2527 (ibid.
1437 2484 1456 2528 ξ
1480 2482 1539 2527 3.)
1565 2482 1619 2518 Ce
1643 2481 1713 2518 fut
1737 2480 1968 2518 l'occasion
1991 2491 2102 2526 pour

459 2544 497 2580 le
523 2544 659 2590 grand
685 2546 858 2579 orateur
884 2544 936 2579 de
961 2552 1133 2587 rompre
1158 2552 1235 2577 son
1259 2542 1361 2588 long
1386 2541 1544 2577 silence
1570 2544 1614 2577 et
1641 2542 1693 2577 de
1717 2540 1945 2577 remercier
1972 2541 2101 2577 Gesar

460 2613 538 2648 par
555 2613 632 2638 son
652 2603 842 2638 discours
863 2604 944 2639 Pro
967 2602 1179 2639 Marcello.
1199 2623 1255 2628 —
1304 2603 1463 2637 Brutus
1480 2600 1764 2647 relinquere...
1788 2601 1941 2637 Caesar
1957 2599 2102 2636 uidere

461 2662 686 2699 ...doluit...
718 2662 909 2698 erubuit:
940 2661 1085 2705 traits,
1117 2671 1285 2697 comme
1315 2671 1370 2696 au
1410 2662 1428 2706 ξ
1460 2660 1483 2696 5
1512 2660 1553 2695 13
1592 2661 1748 2704 phrase
1780 2670 1788 2695 ε
1830 2662 1916 2695 «ut
1946 2658 2100 2705 aliquis

461 2723 616 2766 e.rzzl...,
641 2722 758 2767 quod
783 2722 835 2756 ab
861 2722 976 2757 esrule
998 2721 1259 2757 recederet».
1286 2721 1396 2766 Voy.
1425 2720 1580 2755 Introd.
1617 2721 1635 2764 ἓ
1659 2720 1724 2756 31.
1751 2720 1830 2755 Les
1855 2726 2024 2755 oeuvres
2048 2718 2102 2754 de

462 2782 657 2827 seneque
692 2791 744 2816 en
778 2780 1058 2816 fourmillent.
1096 2781 1196 2816 Aux
1230 2779 1447 2824 exemples
1484 2779 1648 2814 donnes
1684 2779 1792 2814 dans
1826 2778 2019 2814 l’Introd.
2056 2779 2102 2814 et

462 2842 569 2877 dans
589 2841 631 2876 13
651 2843 753 2876 note
773 2850 845 2875 sur
865 2841 1002 2885 luqere
1024 2839 1146 2875 uiuos
1167 2839 1233 2884 (II
1254 2839 1311 2884 5),
1331 2839 1422 2884 J'en
1443 2838 1593 2883 ajoute
1615 2838 1825 2884 quelques
1846 2839 1992 2874 autres
2011 2835 2067 2873 ici
2090 2846 2100 2872 ε

463 2912 477 2935 «
504 2901 626 2936 Istud
642 2903 830 2945 tempus,
850 2900 966 2945 quod
985 2899 1145 2934 alienae
1164 2898 1355 2934 destinas
1373 2898 1508 2941 morti,
1526 2897 1713 2933 fortasse
1731 2897 1844 2933 circa
1868 2898 1984 2933 tuam
2005 2898 2070 2933 est
2089 2907 2105 2931 v

462 2961 546 3005 (De
564 2960 802 3003 Ira11142,
819 2959 860 3004 4)
885 2969 926 3002 ;<‹
953 2959 1091 2995 Saeua
1109 2958 1270 2994 bonitas
1293 2969 1308 2991 »
1322 2957 1406 3003 (De
1425 2958 1526 2993 Ben.
1551 2958 1593 2992 II
1611 2957 1677 3000 14,
1694 2957 1736 3002 4)
1761 2967 1803 3000 ;«
1828 2956 2100 3002 Quaedam...
