2195 3345
382 320 425 356 5.

502 192 561 238 20
806 208 850 240 L.
880 208 1045 240 ANNAEI
1072 206 1267 239 SENEGAE
1292 207 1613 240 DIALOGORUM
1647 209 1741 241 LIB.
1771 211 1840 242 XII

497 322 628 374 lium,
669 324 717 367 in
759 338 851 382 quo
893 338 987 368 non
1026 324 1198 381 aliquis
1236 324 1381 368 animi
1423 338 1564 369 causa
1602 330 1828 371 moretur.
1872 328 1993 383 Quid
2033 333 2134 375 tam

494 395 676 438 nudum
713 396 913 439 inueniri
949 399 1124 453 potest,
1162 395 1276 452 quid
1313 399 1414 439 tam
1449 397 1709 454 abruptum
1745 399 1953 456 undique
1990 414 2134 458 quam

493 465 582 509 hoc
619 479 788 510 saxum
815 467 840 510 ἱ)
878 467 991 524 quid
1030 467 1091 510 ad
1131 467 1290 523 copias
1327 467 1594 524 respicienti
1632 468 1833 513 ieiunius
1858 470 1882 513 ‘2
1921 471 2033 528 quid
2070 473 2132 516 ad

491 535 704 580 homines
730 537 1075 581 inmansuetius
1101 537 1126 580 ‘?
1153 537 1266 594 quid
1293 538 1353 581 ad
1381 538 1536 595 ipsum
1564 539 1652 582 loci
1679 540 1823 583 situm
1850 541 2083 586 horridius
2107 543 2133 586 ⁴?

489 607 603 663 quid
645 609 706 651 ad
749 609 865 652 caeli
906 612 1128 652 naturam
1170 609 1564 665 intemperantius
1591 610 1615 653 ‘?
1657 611 1812 667 plures
1853 615 2014 656 tamen
2054 614 2132 658 hic

486 679 716 734 peregrini
750 692 893 736 quam
927 680 1052 723 ciues
1085 680 1367 723 consistunt.
1401 680 1557 736 Vsque
1589 694 1643 724 eo
1676 693 1783 738 ergo
1817 685 2129 728 commutatio

563 807 605 839 N.
627 808 662 840 C.
695 826 730 831 -
763 809 816 841 VI
833 808 866 841 5.
896 809 1192 850 intemperantius
1217 810 1293 841 A1-‘2
1313 819 1321 848 ;
1348 809 1616 850 intemperatius
1641 811 1849 844 Gronouius
1873 815 1911 846 et
1935 813 2057 846 Gertz.

480 940 611 984 gnere
642 950 726 986 que
757 941 830 976 des
861 941 1032 977 rochers
1065 942 1227 979 deseris
1260 954 1343 989 que
1372 942 1460 978 l'on
1492 952 1544 978 ne
1575 942 1741 979 saurait
1773 953 1998 988 comparer
2028 945 2052 981 3
2081 944 2123 980 13

481 999 622 1035 Corse.
654 1000 861 1045 J'adopte
894 1001 1006 1037 donc
1035 1001 1077 1037 13
1108 1003 1347 1039 correction
1380 1003 1431 1038 de
1464 1002 1606 1038 Gertz,
1642 1002 1823 1038 Cossura
1854 1012 1867 1038 .·
1899 1003 2036 1048 petite
2065 1004 2121 1041 ile

479 1057 617 1094 situee
643 1061 765 1095 entre
789 1059 830 1095 la
857 1060 981 1096 Sicile
1007 1063 1050 1096 et
1075 1060 1301 1107 l'Afrique.
1334 1083 1389 1087 —
1449 1061 1635 1097 Exilium
1663 1071 1670 1095 :
1699 1072 1714 1094 «
1734 1060 1818 1097 lieu
1844 1061 1974 1098 d'exil
1997 1074 2025 1107 »‚
2063 1064 2117 1100 cf.

480 1117 563 1153 Cic.
600 1118 682 1153 Pro
715 1118 809 1164 Liq.
846 1119 913 1155 XI
945 1119 997 1155 33
1033 1130 1040 1155 :
1077 1131 1092 1153 «
1116 1121 1308 1165 Quoduis
1342 1121 1518 1156 exilium
1550 1120 1620 1156 hic
1653 1122 1718 1156 est
1751 1120 1945 1166 optatius
1985 1132 2118 1168 quam

476 1176 634 1221 patria.
661 1189 675 1211 »
704 1178 813 1224 Voy.
845 1178 941 1223 plus
972 1179 1047 1214 bas
1083 1180 1146 1215 IX
1176 1181 1200 1216 3
1230 1183 1273 1217 et
1304 1181 1345 1216 X
1376 1181 1440 1216 11.
1473 1201 1528 1205 —-
1585 1179 1732 1215 Animi
1761 1190 1891 1217 eausa
1923 1191 1931 1216 :
1971 1192 1986 1215 «
2007 1191 2117 1227 pour

475 1246 554 1272 son
582 1236 730 1281 plaisir
753 1248 779 1272 ».
811 1238 891 1273 Sur
917 1241 1017 1274 tout
1045 1249 1090 1274 ee
1118 1248 1299 1285 passage
1327 1243 1370 1276 et
1397 1239 1707 1284 specialement
1735 1249 1782 1275 ce
1818 1241 1838 1284 ξ
1865 1240 1904 1284 4,
1933 1240 1986 1276 cf.
2017 1240 2117 1277 Plu-

473 1295 645 1338 Imque,
671 1295 733 1329 De
756 1294 867 1329 Exil.
891 1294 970 1330 604
994 1296 1030 1330 D
1054 1305 1061 1330 ζ
1085 1306 1099 1329 «
1123 1299 1195 1332 Τῶν
1222 1301 1467 1343 φρονιμοτάτων
1495 1302 1548 1332 καὶ
1573 1299 1767 1341 σοφωτάτων
1791 1300 1920 1343 ὀλίγους
1949 1302 1991 1334 ἂν
2011 1302 2117 1345 εὕροις

473 1349 508 1382 ἐν
546 1355 615 1389 ταῖς
646 1350 768 1384 ἑαυτῶν
799 1353 931 1394 πατρίσι
962 1355 1226 1396 κεκηδευμένους,
1251 1354 1282 1386 οὶ
1301 1355 1337 1387 δὲ
1361 1357 1507 1386 πλεῖστοι
1535 1355 1674 1395 μηδενὸς
1696 1353 1939 1396 ἀναγκάζοντος
1963 1354 2055 1388 αὐτοὶ
2076 1358 2113 1388 τὸ

471 1402 627 1446 ἀγκὺριον
654 1404 814 1447 ἀράμενοι
842 1406 1090 1449 μεθωρμίσαντο
1118 1408 1192 1446 τοὺς
1219 1401 1313 1449 βίους
1340 1410 1393 1440 καὶ
1414 1409 1615 1449 μετέστησαν
1631 1407 1662 1439 οἱ
1686 1407 1748 1448 μὲν
1777 1407 1821 1446 εἱς
1843 1407 1993 1450 Ἀθήνας,
2018 1409 2050 1441 οἱ
2078 1410 2114 1442 δὲ

470 1456 504 1495 ἐξ
538 1457 699 1497 Ἀθηνῶν.
718 1469 738 1489 »

556 1525 594 1560 5.
627 1545 682 1550 —
714 1526 808 1561 Hoc
827 1535 981 1561 Saxum
1005 1537 1012 1561 :
1047 1526 1089 1561 13
1112 1527 1251 1570 Corse,
1273 1537 1373 1573 voy.
1400 1527 1556 1562 Introd.
1589 1526 1667 1571 §6.
1700 1547 1756 1551 ——
1816 1526 2075 1573 Respicienti
2099 1539 2108 1564 t

469 1583 559 1619 dat.
587 1584 640 1620 de
663 1584 847 1620 relation
872 1588 1049 1622 servant
1076 1587 1099 1621 a
1125 1597 1140 1619 «
1163 1587 1358 1632 designer
1382 1585 1423 1621 13
1448 1595 1660 1630 personne
1685 1594 1764 1630 par
1788 1588 1970 1630 rapport
1996 1587 2021 1622 3
2044 1587 2106 1623 13-

467 1642 608 1687 quelle
634 1653 719 1679 une
748 1644 1018 1681 affirmation
1047 1648 1112 1681 est
1141 1646 1259 1681 vraie
1282 1657 1296 1678 »
1324 1645 1576 1690 (Riemann,
1610 1645 1727 1689 Synt.
1758 1644 1828 1679 lat.
1867 1646 1886 1690 ἓ
1915 1645 2020 1690 46s),
2049 1646 2103 1682 cf.

463 1702 607 1746 Cesar,
636 1704 696 1739 De
722 1703 771 1738 Β.
799 1704 842 1739 C.
873 1704 941 1739 III
964 1704 1030 1748 80,
1056 1706 1074 1740 1
1104 1715 1112 1739 :
1138 1716 1152 1738 «
1177 1705 1397 1749 Gomphos
1421 1703 1635 1749 peruenit,
1660 1703 1779 1749 quod
1802 1705 1867 1740 est
1891 1703 2102 1749 oppidum

464 1761 653 1806 primum
680 1762 925 1798 Thessaliae
953 1764 1218 1799 uenientibus
1245 1764 1298 1799 ab
1327 1763 1472 1808 Epiro.
1498 1775 1512 1796 »
1537 1785 1592 1789 --
1621 1763 1688 1798 Ad
1714 1763 1878 1808 aliquid
1900 1763 2103 1810 respicere

461 1820 632 1866 signifie
664 1832 671 1856 :
705 1832 719 1855 «
741 1821 978 1868 s'enque‘rir
1009 1823 1060 1858 de
1092 1823 1277 1868 quelque
1308 1824 1450 1866 chose,
1481 1823 1785 1865 rechercher»,
1818 1822 1871 1857 cf.
1908 1823 1976 1859 Aci
2005 1824 2101 1860 Hel.

464 1880 572 1916 XIV
597 1881 620 1916 3
648 1891 656 1916 :
696 1891 711 1914 «
734 1881 985 1926 Numquam
1022 1882 1294 1927 indulgentia
1320 1883 1373 1918 ad
1399 1882 1619 1918 utilitatem
1644 1881 1869 1926 respexit»,
1897 1884 1941 1918 et
1969 1882 2101 1927 Quin-

460 1938 583 1975 tilien
612 1940 676 1975 IX
700 1940 739 1983 2,
763 1941 816 1976 28
843 1951 851 1975 ;
878 1952 893 1974 «
919 1942 986 1977 Act
1011 1941 1231 1977 utilitatem
1258 1941 1401 1987 Ligari
1424 1941 1607 1987 respicit.
1634 1952 1648 1974 »
1674 1941 1737 1977 Ne
1761 1950 1838 1986 pas
1864 1941 2100 1978 confondre

460 2001 576 2035 cette
600 2002 758 2035 constr.
785 2010 890 2036 avec
913 2001 1075 2046 aliquid
1096 2001 1298 2047 respicere
1331 2019 1368 2031 z
1389 2012 1404 2034 «
1427 2000 1547 2037 avoir
1571 2001 1702 2046 egard
1726 2001 1764 2043 a,
1787 1999 1902 2036 tenir
1924 2003 2098 2046 compte

459 2058 513 2093 dc
542 2058 727 2104 quelque
757 2059 935 2103 chose»,
966 2060 1127 2105 parfois
1159 2072 1173 2095 «
1196 2061 1439 2097 considerer
1463 2071 1510 2103 »3
1540 2060 1595 2095 cf.
1631 2060 1699 2096 Ad
1740 2060 1834 2096 Hel.
1878 2060 2035 2096 XVIII
2075 2061 2094 2096 1

459 2128 474 2151 ει
501 2118 673 2164 Respice
693 2118 841 2163 fratres
863 2130 1014 2163 meos»,
1040 2122 1082 2156 et
1109 2122 1170 2156 De
1195 2121 1298 2155 Ben.
1327 2121 1344 2155 I
1367 2121 1405 2163 7,
1429 2121 1466 2155 1.
1492 2118 1658 2155 Parfois
1682 2119 1877 2164 Seneque
1897 2119 2035 2164 prend
2055 2119 2097 2155 13

457 2177 666 2221 premiere
695 2180 854 2214 constr.
886 2188 995 2223 pour
1024 2179 1065 2214 la
1093 2180 1277 2215 seconde
1309 2190 1316 2214 :
1349 2191 1364 2213 «
1391 2180 1458 2215 Ad
1484 2181 1650 2225 nepotes
1690 2188 1863 2224 quoque
1902 2178 2059 2224 respice
2081 2190 2096 2212 »

456 2236 548 2280 (Ad
575 2237 669 2273 Hel.
701 2238 857 2273 XVIII
888 2238 929 2283 1)
954 2249 962 2281 ;
993 2238 1046 2273 cf.
1082 2239 1150 2274 Ad
1181 2240 1314 2275 Marc.
1351 2239 1394 2274 II
1423 2239 1446 2274 5
1470 2249 1478 2274 ε
1509 2249 1524 2272 <‹
1548 2239 1611 2274 Ne
1640 2238 1693 2273 ad
1718 2238 1890 2283 fratrem
1918 2237 2094 2283 quidem

454 2297 682 2341 respiciens
706 2307 732 2332 ›>.
759 2297 941 2340 Parfois‚
967 2298 1098 2341 enfin,
1123 2308 1291 2334 comme
1314 2298 1410 2343 plus
1434 2299 1509 2333 bas
1536 2298 1642 2334 XVI
1665 2297 1704 2341 2,
1730 2307 1785 2332 on
1806 2299 1913 2342 peut
1934 2296 2094 2334 hesiter

454 2357 576 2391 entre
597 2355 656 2391 les
680 2356 794 2392 deux
815 2356 1144 2402 significations.
1160 2358 1218 2393 Le
1239 2365 1335 2393 sens
1357 2357 1494 2403 precis
1518 2358 1569 2393 de
1590 2357 1632 2392 la
1653 2357 1809 2402 langue
1829 2366 2091 2401 commence,

454 2423 509 2449 on
528 2414 567 2450 le
585 2415 692 2458 voit,
715 2416 737 2450 a
757 2415 953 2452 s’alte'rer
972 2417 996 2452 a
1015 2416 1215 2462 l'epoque
1235 2417 1287 2452 de
1308 2417 1515 2462 Seneque.
1536 2438 1592 2442 —
1611 2417 1729 2452 Dans
1750 2418 1874 2452 notre
1893 2423 2089 2461 passage,

451 2475 552 2509 tous
566 2473 625 2509 les
642 2475 694 2509 ad
709 2475 956 2519 dependent
972 2476 1023 2511 de
1037 2476 1278 2521 respicienti
1292 2476 1618 2512 sous-entendu.
1635 2497 1690 2501 ——
1735 2475 1847 2512 Caeli
1860 2479 2063 2511 naturam
2079 2485 2088 2510 ε

453 2543 469 2566 «
489 2532 527 2568 le
549 2532 697 2569 climat
721 2545 746 2568 ».
772 2534 838 2570 On
861 2534 924 2570 dit
947 2534 1061 2570 aussi
1082 2535 1359 2580 simplement
1379 2536 1550 2571 caelum.
1583 2555 1638 2560 -—
1694 2534 2055 2580 Intemperantius
2078 2543 2088 2570 τ

451 2601 552 2638 voy.
583 2593 630 2627 N.
669 2593 710 2628 C.
776 2593 890 2628 Pour
934 2602 1161 2630 conserver
1208 2594 1570 2640 intemperantius,
1615 2594 1657 2638 je
1701 2593 1936 2638 m'appuie‚
1983 2603 2089 2629 avec

452 2651 508 2686 M.
534 2652 730 2694 Hermes,
755 2661 826 2687 sur
854 2654 914 2689 De
941 2653 1078 2689 Consi.
1108 2653 1173 2689 IX
1198 2654 1217 2688 1
1247 2664 1254 2688 :
1282 2664 1296 2687 «
1321 2654 1654 2699 Intemperantia
1677 2653 1781 2689 caeli
1804 2663 1832 2688 ».
1864 2673 1920 2677 —-
1979 2653 2086 2688 Con-

447 2710 606 2746 sistunt
639 2721 647 2745 :
682 2712 937 2754 Mommsen,
971 2714 1145 2748 Hermes
1177 2713 1264 2748 VII
1296 2722 1337 2757 p.
1372 2713 1453 2750 309
1487 2723 1496 2747 :
1530 2723 1546 2747 «
1570 2712 1801 2749 Consistere
1834 2710 2086 2748 bezeichnet

448 2769 674 2806 technisch
699 2770 781 2805 den
819 2770 1075 2807 bleibenden
1112 2772 1373 2808 Aufenthalt
1399 2782 1454 2807 an
1479 2771 1619 2808 einem
1645 2772 1749 2808 Orte
1775 2772 1877 2807 oder
1899 2770 1944 2806 in
1970 2770 2085 2807 einer

450 2829 641 2874 Gegend‚
679 2829 760 2866 mit
799 2829 1003 2866 welchem
1042 2830 1110 2866 die
1149 2831 1665 2876 Heimatsberechtigung
1703 2830 1794 2867 sich
1830 2830 1953 2866 nicht
1989 2839 2085 2866 ver-

448 2887 623 2933 knfipft.
649 2899 664 2922 ›>
696 2889 757 2925 Cf.
794 2890 826 2925 C
851 2890 874 2924 I
895 2890 928 2925 L
964 2890 1031 2925 III
1065 2890 1171 2926 5282
1206 2901 1214 2925 :
1250 2891 1409 2927 «Ciues
1443 2889 1632 2926 Romani
1664 2901 1718 2926 ex
1753 2889 1881 2926 Italia
1912 2891 1956 2926 et
1988 2887 2081 2924 aliis

447 2947 681 2992 prouinciis
711 2948 755 2983 in
787 2948 945 2985 Raetia
975 2949 1252 2986 consistentes.
1278 2961 1293 2984 »
1322 2971 1378 2976 —
1431 2951 1570 2997 Vsque
1600 2960 1694 2986 eo...
1727 2960 1813 2985 non
1843 2952 1907 2985 est
1937 2959 1946 2984 :
1979 2959 1994 2983 «
2016 2950 2083 2984 est
