2195 3345
425 229 483 275 60
723 245 766 277 L.
801 245 964 277 ANNAEI
999 245 1194 278 SENECAE
1226 247 1546 278 DIALOGORUM
1573 248 1668 279 LIB.
1697 248 1765 280 XII

421 374 606 417 parum.
643 362 837 406 Nullum
872 374 979 419 ergo
1017 366 1274 420 paupertas
1306 364 1458 407 exulis
1491 364 1844 409 incommodum
1880 367 2061 420 hahet3

421 433 603 476 nullum
630 433 754 476 enim
783 437 883 476 tam
911 433 1047 490 inops
1072 434 1266 477 exilium
1293 438 1381 485 est,
1411 436 1536 491 quod
1565 448 1660 478 non
1686 436 1854 480 alendo
1883 438 2061 482 homini

421 503 610 547 abunde
635 505 787 547 fertile
813 504 890 547 sit.

313 582 349 616 1.
511 575 592 618 ΧΙ.
638 601 684 606 ——
726 590 744 617 «
762 576 829 618 At
862 579 1044 619 uestem
1080 589 1137 619 ac
1171 577 1364 620 domum
1402 577 1752 621 desideraturus
1786 582 1861 622 est
1894 582 2020 624 exul.
2045 596 2063 624 »

422 647 554 690 Haec
582 659 768 703 quoque
796 647 856 689 ad
885 661 1023 690 usum
1052 651 1243 691 tantum
1272 648 1562 691 desiderabit
1591 663 1601 692 :
1630 662 1782 707 neque
1809 654 1990 695 tectum
2017 653 2060 696 ei

420 718 571 760 deerit
596 730 747 774 neque
774 718 1098 762 uelamentum
1124 733 1135 770 ;
1162 732 1311 775 aeque
1338 719 1464 762 enirn
1490 720 1659 776 exiguo
1688 721 1865 777 tegitur
1892 735 2062 780 corpus

421 801 565 846 quam
586 789 730 831 alitur
756 803 767 837 ;
789 789 906 832 nihil
928 790 1106 832 homini
1129 794 1315 840 natura,
1341 790 1467 846 quod
1496 792 1810 835 necessarium
1835 792 2057 845 faciebat,

308 866 346 900 2
415 861 530 904 fecit
573 873 839 917 operosum.
887 861 976 905 Sed
1022 861 1261 905 desiderat
1304 864 1570 904 saturatam
1615 863 1767 906 multo
1813 865 2058 921 conchylio

497 1003 538 1035 N.
561 1003 596 1034 C.
622 1021 655 1025 -
681 1004 717 1035 X
736 1004 792 1035 11.
819 997 911 1043 ρανῖὶ
931 1004 962 1034 A
982 1013 991 1042 ;
1008 1013 1165 1044 paruum
1182 1003 1255 1035 duo
1274 1003 1307 1034 D
1324 1006 1362 1035 et
1378 1003 1462 1035 edd.
1478 1002 1622 1044 antiqq.
1646 1021 1680 1025 —
1703 999 1812 1036 exitii]
1831 1005 1863 1037 A
1883 1015 1892 1044 ;
1909 1006 2058 1037 exilium

420 1065 480 1097 ug.
511 1076 546 1080 -—
577 1058 613 1089 X
633 1058 785 1089 11-ΧΙ
804 1058 836 1089 1.
863 1058 976 1097 fertile
999 1059 1033 1089 si
1057 1060 1128 1089 tam
1153 1057 1206 1098 (Ἰ)
1232 1056 1323 1088 ueste
1353 1051 1502 1088 acdomz‘i
1527 1057 1791 1089 desideraturus
1815 1060 1865 1090 est
1888 1060 1989 1091 exsul
2012 1055 2059 1092 Α1

420 1114 463 1143 ut
480 1111 556 1143 uid.
578 1121 586 1150 ;
621 1112 734 1152 fertile
751 1112 809 1143 sit.
830 1112 878 1143 At
897 1113 1025 1143 uestem
1044 1121 1085 1142 ac
1101 1112 1245 1142 domum
1263 1111 1526 1142 desideraturus
1544 1112 1593 1142 est
1611 1111 1693 1141 exul
1710 1110 1821 1143 Gertz
1840 1121 1849 1150 3
1867 1113 1981 1152 fertile
1997 1114 2056 1145 sit.

421 1165 469 1196 At
488 1167 629 1204 uestem,
650 1174 697 1196 an
716 1166 872 1204 domum,
892 1166 962 1197 des.
984 1167 1032 1196 est
1051 1165 1132 1196 exul
1148 1165 1165 1196 ?
1184 1171 1243 1204 ug.
1264 1164 1349 1196 inde
1370 1173 1391 1196 a
1411 1164 1555 1196 Mureto
1575 1174 1584 1202 ;
1604 1165 1717 1204 fertile
1735 1165 1793 1196 sit.
1815 1165 1876 1196 An
1897 1168 1981 1198 uest.
2016 1175 2057 1198 ac

419 1219 453 1250 d.
477 1219 547 1250 des.
573 1221 622 1250 est
641 1219 723 1250 exul
738 1219 756 1250 ?
780 1219 926 1250 Fickert
947 1221 984 1251 et
1008 1218 1069 1250 alii
1089 1228 1098 1256 ;
1123 1219 1170 1250 At
1194 1220 1292 1256 uest„
1313 1220 1349 1249 at
1369 1219 1461 1249 dom.
1486 1218 1557 1249 des.
1586 1220 1634 1249 est
1662 1219 1743 1249 exul
1769 1218 1986 1259 Heusinger.
2015 1238 2050 1243 ——

422 1272 478 1303 XI
506 1274 538 1305 1.
574 1274 695 1305 haec...
729 1273 952 1304 desiderabit.
983 1282 1066 1312 neq;
1098 1273 1155 1310 A;
1186 1273 1307 1303 haec...
1335 1271 1544 1303 desiderarit
1569 1281 1576 1302 :
1604 1280 1714 1311 neque
1743 1271 1882 1311 Gertz;
1913 1273 1947 1304 .ςί
1974 1273 2057 1312 (aut

419 1327 480 1358 sed
492 1327 541 1366 si)
556 1328 615 1359 Ιι...
632 1327 857 1365 desiderabit,
873 1336 983 1367 neque
999 1335 1110 1358 nonn.
1129 1326 1162 1357 D
1176 1328 1213 1357 et
1229 1332 1288 1365 ug.

419 1442 586 1488 signifie
615 1442 864 1477 reellement
894 1443 984 1485 trop
1013 1450 1107 1485 peu.
1141 1440 1207 1476 On
1236 1440 1330 1475 voit
1360 1439 1571 1483 aisement
1600 1440 1798 1475 combien
1827 1440 1870 1475 13
1898 1441 2054 1485 pensee

419 1512 470 1538 en
504 1501 776 1538 deviendrait
808 1500 903 1545 plus
936 1500 1148 1545 piquante
1175 1510 1184 1534 :
1219 1509 1273 1534 on
1307 1498 1565 1534 atteindrait
1604 1499 1712 1534 ainsi
1744 1499 1804 1534 les
1837 1499 2052 1536 dernieres

418 1561 576 1597 limites
633 1561 685 1595 de
740 1560 945 1606 Ιάὺτάρκεια
993 1559 1242 1594 stoicienne.
1293 1578 1348 1583 -—
1409 1558 1595 1593 Exilium
1643 1568 1650 1592 :
1704 1558 1757 1593 cf.
1804 1558 1867 1594 VI
1913 1559 1950 1594 4.
2000 1579 2051 1584 --

418 1621 598 1657 Abunde
628 1621 765 1656 fertile
798 1630 806 1654 :
837 1629 916 1664 par
946 1619 1227 1664 consequent,
1258 1617 1420 1662 malgre
1449 1616 1708 1653 l'infertilite
1737 1617 1825 1663 (IX
1856 1618 1898 1663 1)
1929 1618 1983 1654 de
2012 1619 2053 1654 la

419 1680 559 1724 Corse,
593 1679 802 1725 seneque,
835 1679 959 1724 grace
991 1688 1078 1714 aux
1109 1685 1278 1713 secours
1312 1686 1395 1721 que
1426 1676 1487 1711 lui
1519 1677 1662 1712 donne
1692 1677 1735 1712 13
1765 1677 2050 1722 philosophie,

417 1749 545 1775 saura
573 1748 617 1775 se
647 1741 874 1775 contenter
904 1739 977 1774 des
1007 1738 1189 1782 maigres
1219 1744 1458 1772 ressources
1489 1736 1541 1772 de
1570 1746 1648 1771 son
1678 1737 1745 1772 ile.
1777 1737 1885 1773 Loin
1915 1737 2052 1773 d’etre

417 1809 470 1835 en
491 1799 811 1835 contradiction
833 1808 939 1834 avec
959 1798 997 1834 le
1019 1798 1143 1841 chap.
1172 1797 1235 1832 IX
1259 1797 1296 1840 1,
1320 1805 1487 1831 comme
1508 1796 1546 1831 16
1568 1796 1677 1832 croit
1700 1796 1754 1832 M.
1781 1796 1903 1840 Duff,
1925 1799 2050 1832 notre

416 1867 596 1904 passage
617 1868 669 1894 en
691 1860 756 1894 est
775 1858 817 1893 la
838 1857 1159 1900 confirmation,
1182 1856 1386 1891 d'autant
1407 1855 1502 1900 plus
1526 1865 1608 1901 que
1628 1856 1687 1891 les
1709 1855 1895 1900 plaintes
1917 1856 2049 1902 qu’on

417 1930 446 1965 y
474 1920 525 1955 lit
555 1921 655 1954 sont
685 1918 812 1953 mises
845 1918 951 1952 dans
982 1917 1023 1952 la
1055 1916 1221 1951 bouche
1253 1916 1357 1951 d'un
1387 1915 1713 1959 interlocuteur,
1746 1925 1829 1961 que
1858 1915 2049 1951 l'auteur

415 1979 554 2014 refute
578 1978 763 2013 aussitdt
786 1978 922 2022 apres,

499 2039 570 2074 ΧΙ.
610 2038 645 2073 1.
677 2058 732 2062 —
789 2038 846 2072 At
874 2047 882 2072 :
911 2036 963 2072 cf.
998 2035 1061 2071 IX
1090 2036 1125 2070 1.
1158 2056 1212 2059 —
1271 2034 1597 2070 Desideraturus
1623 2038 1687 2069 est
1715 2045 1722 2070 :
1750 2034 1870 2079 l'adj.
1899 2035 2049 2070 verbal

416 2109 467 2134 en
494 2109 594 2134 urus
619 2107 799 2143 marque
822 2097 875 2132 ici
901 2106 983 2141 que
1008 2095 1048 2130 la
1073 2095 1200 2130 chose
1225 2094 1310 2130 doit
1334 2094 1509 2137 arriver,
1536 2093 1642 2139 qu'il
1664 2094 1757 2138 faut
1779 2093 1998 2129 s’attendre
2024 2094 2047 2129 a

415 2169 461 2194 ce
489 2158 644 2204 qu’elle
673 2157 833 2200 arrive3
862 2165 962 2201 voy.
992 2155 1033 2190 la
1062 2157 1165 2190 note
1193 2163 1264 2188 sur
1292 2153 1485 2189 morituri
1497 2153 1561 2198 (X
1588 2151 1642 2199 7),
1670 2155 1713 2188 et
1743 2153 1795 2188 cf.
1825 2153 2049 2189 Tite-Live

419 2219 460 2254 II
480 2219 546 2262 10,
567 2218 614 2253 11
638 2228 647 2252 :
668 2228 683 2251 «
707 2216 938 2252 Incolumis
958 2215 1013 2249 ad
1031 2223 1130 2249 suos
1148 2214 1345 2249 tranauit
1363 2213 1592 2259 (Horatius
1613 2212 1790 2256 Cocles),
1808 2222 1899 2248 rem
1918 2221 2047 2248 ausus

414 2278 509 2322 plus
531 2278 674 2312 famae
695 2276 933 2312 habituram
955 2275 1011 2309 ad
1031 2275 1227 2318 posteros
1250 2282 1383 2318 quam
1404 2272 1520 2307 fidei.
1546 2283 1561 2306 »
1591 2292 1645 2296 —-
1706 2272 1824 2308 Haec
1845 2282 2012 2318 quoque
2036 2283 2045 2308 :

414 2337 677 2373 c'est-a-dire
697 2337 921 2372 vetement
943 2336 985 2369 et
1006 2333 1270 2376 habitation,
1292 2342 1474 2375 comme,
1506 2341 1561 2366 au
1583 2331 1779 2375 chapitre
1799 2331 2046 2376 precedent,

413 2398 455 2432 la
478 2397 736 2432 nourriture.
770 2415 824 2419 —
882 2394 947 2429 Ad
973 2404 982 2429 :
1009 2404 1024 2427 «
1045 2402 1154 2438 pour
1178 2402 1224 2428 ce
1249 2392 1323 2437 qui
1348 2393 1412 2427 est
1438 2391 1505 2435 de,
1532 2393 1672 2436 quant
1697 2391 1721 2426 a
1744 2402 1773 2433 »,
1798 2390 1852 2426 cf.
1880 2390 1997 2426 XIII
2023 2391 2046 2426 5

414 2459 457 2493 et
483 2457 567 2492 Cic.
598 2457 651 2491 In
688 2456 798 2491 Verr.
831 2454 873 2489 II
900 2454 939 2497 4,
966 2453 1033 2496 52,
1061 2453 1139 2488 117
1169 2462 1177 2487 :
1206 2463 1221 2486 «
1243 2452 1382 2488 Situ...
1411 2451 1630 2496 praeclaro
1658 2451 1711 2486 ad
1737 2451 2006 2495 adspectum.
2032 2462 2046 2485 »

415 2517 480 2552 On
508 2515 685 2551 connait
711 2513 989 2558 l’expression
1019 2524 1034 2546 «
1054 2502 1179 2547 facile
1207 2512 1260 2547 ad
1286 2510 1624 2556 intellegendum
1647 2522 1674 2546 ».
1704 2510 1842 2546 Autre
1869 2517 1965 2546 sens
1993 2510 2046 2545 de

414 2577 467 2612 ad
489 2587 498 2611 ε
523 2576 564 2611 X
586 2575 610 2611 5
630 2577 674 2610 et
696 2574 852 2609 XVIII
873 2573 911 2608 4.
943 2592 999 2596 —
1059 2571 1224 2617 Exiguo
1247 2581 1256 2606 ι
1280 2571 1364 2606 abl.
1388 2571 1440 2606 de
1461 2570 1571 2615 prix,
1594 2570 1647 2605 cf.
1672 2570 1714 2605 X
1736 2570 1772 2605 5.

499 2636 537 2671 2.
570 2655 625 2659 —
684 2634 763 2669 Sed
790 2633 999 2668 desiderat
1028 2641 1036 2666 :
1065 2641 1138 2666 sur
1163 2631 1201 2666 le
1228 2638 1324 2666 sens
1354 2630 1406 2665 de
1432 2629 1648 2673 desiderat,
1678 2639 1845 2665 comme
1871 2638 1982 2673 pour
2006 2629 2045 2664 le

412 2696 482 2740 §L
502 2704 603 2739 voy.
623 2693 666 2728 la
685 2695 788 2728 note
806 2699 878 2727 sur
896 2690 1195 2735 desiderium,§
1213 2690 1251 2726 3.
1275 2690 1450 2725 Devant
1469 2689 1686 2732 desiderat,
1705 2689 1759 2724 ici
1779 2691 1822 2724 et
1841 2697 1897 2723 au
1919 2696 2044 2732 para-

413 2755 574 2801 graphe
601 2753 792 2795 suivant,
819 2761 879 2789 un
906 2750 1117 2795 classique
1137 2750 1279 2788 aurait
1296 2749 1376 2784 mis
1397 2758 1481 2784 une
1509 2748 1788 2793 conj0nction
1816 2748 1868 2783 de
1895 2747 2044 2783 subor-

413 2815 625 2858 dination,
660 2812 760 2848 telle
796 2820 879 2856 que
912 2810 963 2846 si.
1003 2810 1068 2846 On
1104 2809 1187 2845 sait
1223 2809 1384 2854 qu’une
1418 2808 1716 2852 particularite
1751 2807 1809 2842 du
1843 2807 1956 2852 style
1991 2807 2043 2842 de

412 2875 606 2920 Seneque
635 2874 701 2908 est
730 2871 782 2906 de
812 2870 945 2905 briser
972 2870 1014 2904 la
1043 2869 1217 2914 periode
1245 2868 1554 2910 ciceronienne,
1585 2877 1637 2902 en
1665 2867 1955 2912 juxtaposant
1982 2866 2041 2901 les

411 2933 701 2980 propositions
728 2940 782 2965 au
808 2930 893 2965 lieu
918 2929 972 2964 de
995 2929 1055 2964 les
1082 2928 1396 2971 subordonner,
1423 2937 1469 2962 06
1496 2927 1570 2972 qui
1596 2927 1739 2962 donne
1766 2926 1839 2961 des
1865 2926 2040 2971 phrases

411 2994 560 3029 breves
586 2994 628 3028 et
651 2990 846 3026 hacheeS.
872 2989 980 3034 Voy.
1010 2988 1165 3024 Introd.
1201 2989 1220 3033 §
1244 2987 1311 3031 30,
1336 2989 1379 3023 et
1403 2986 1456 3022 cf.
1481 2987 1540 3022 les
1565 2986 1780 3030 exemples
1803 2985 2000 3021 suivants
2020 2993 2030 3020 ε
