2195 3345
262 810 300 845 §ss

413 250 470 295 96
711 264 754 295 L.
785 264 950 296 ANNAEI
984 265 1179 296 SENEoAE
1211 265 1536 298 DIALOGORUM
1572 267 1667 299 LIB.
1703 268 1771 299 XII

408 380 672 424 Certabunt
703 381 752 424 in
785 385 832 424 te
865 381 1037 425 officiis
1069 386 1120 425 et
1150 383 1290 426 unius
1323 383 1606 427 desiderium
1639 385 1841 428 duorum
1875 386 2054 442 pietate

406 451 740 508 supplebitur3
775 452 1004 496 audacter
1038 466 1230 509 possum
1266 455 1543 510 promittere
1584 470 1593 498 :
1630 456 1747 498 nihil
1781 457 1870 499 tibi
1904 457 2056 501 deerit

405 526 593 578 praeter
613 536 878 566 numerum.
894 524 968 566 Ab
991 524 1063 567 his
1084 525 1144 568 ad
1169 528 1364 580 nepotes
1387 538 1574 583 quoque
1597 527 1798 583 respice:
1821 528 2049 578 Marcum,

405 593 767 637 blandissimum
813 608 1027 651 puerum,
1075 596 1136 638 ad
1185 596 1317 639 cuius
1363 601 1669 653 conspectum
1717 598 1846 641 nulla
1892 601 2053 655 potest

404 664 573 708 durare
597 665 794 708 tristitia
819 680 831 716 ;
854 665 971 708 nihil
993 669 1093 709 tam
1117 678 1357 723 magnum,
1383 668 1500 710 nihil
1521 671 1621 711 tam
1646 682 1805 712 recens
1827 669 1876 712 in
1899 670 2054 714 cuius-

405 747 549 792 quam
587 739 776 792 pectore
814 736 945 787 furit,
986 738 1112 794 quod
1151 751 1245 780 non
1283 739 1595 782 circumfusus
1631 740 1706 782 ille
1745 740 2052 796 permulceat.

405 807 547 850 Cuius
572 819 667 849 non
691 807 909 851 lacrimas
934 809 1058 851 illius
1084 809 1297 852 hilaritas
1323 810 1592 865 supprimat
1617 811 1641 853 ἵ)
1667 811 1798 854 cuius
1823 824 1918 854 non
1944 808 2055 855 con-

481 936 521 967 N.
544 937 579 967 C.
605 954 638 958 -
665 937 797 968 XVIII
815 937 847 968 4.
874 937 983 977 suerii
1000 938 1032 968 A
1051 948 1060 975 ;
1077 939 1166 978 surii
1184 938 1294 970 Gertz
1310 938 1401 977 (uid.
1419 939 1496 969 eius
1515 940 1615 971 Slud.
1633 940 1708 971 crit.
1726 949 1762 979 p.
1784 940 1866 980 162)
1885 950 1894 979 ;
1911 942 2050 973 saeuie-

405 987 451 1018 rii
464 987 503 1018 P.
517 987 688 1018 Thomas.
709 1005 742 1009 -
762 987 894 1019 XVIII
913 988 945 1019 5.
975 989 1115 1019 iliu-ilas
1135 990 1178 1026 A,
1192 998 1282 1020 corr.
1299 996 1357 1028 ug.

408 1108 475 1142 III
501 1107 568 1151 32,
597 1107 707 1152 131).
738 1109 884 1152 Quant
912 1109 935 1144 a
960 1109 1240 1153 l’opposition
1268 1111 1389 1145 entre
1416 1109 1547 1145 otium
1574 1112 1616 1145 et
1643 1110 1846 1155 digmitas,
1873 1110 1927 1146 cf.
1958 1110 2044 1147 Cic.

405 1167 487 1203 Pro
506 1167 554 1202 P.
578 1167 710 1203 Sesti0
729 1167 848 1202 XLV
866 1168 943 1203 98:
964 1179 978 1201 «
998 1168 1103 1203 Cum
1120 1168 1322 1213 dignitate
1339 1169 1470 1204 otium
1489 1181 1517 1212 »,
1538 1171 1581 1204 et
1605 1169 1672 1204 Ad
1693 1169 1847 1205 Famil.
1872 1169 1890 1205 I
1907 1170 1947 1214 9,
1964 1170 2014 1206 21
2038 1181 2047 1206 :

404 1238 419 1260 «
506 1226 623 1271 quod
652 1235 677 1261 a
703 1235 772 1262 me
799 1227 1048 1271 saepissime
1077 1227 1244 1263 dictum
1273 1230 1338 1263 est
1368 1239 1376 1263 :
1406 1238 1500 1263 cum
1528 1228 1732 1273 diynitate
1760 1229 1928 1271 otium;
1957 1238 2045 1265 non

401 1286 517 1321 idem
553 1293 720 1330 semper
756 1286 896 1322 dicere
931 1287 1005 1322 sed
1040 1287 1155 1322 idem
1191 1296 1360 1332 semper
1395 1290 1592 1332 spectare
1629 1288 1850 1324 debemus
1877 1300 1892 1323 »
1927 1288 2037 1335 Voy.

403 1355 555 1381 encore
579 1346 640 1381 De
666 1346 732 1381 Or.
761 1346 778 1381 I
800 1346 837 1389 1,
861 1346 897 1381 1.
930 1366 985 1370 —
1041 1346 1091 1381 ln
1112 1350 1152 1382 te
1176 1357 1182 1381 :
1207 1356 1261 1381 ou
1284 1347 1382 1382 bien
1404 1349 1438 1382 te
1459 1349 1524 1383 est
1546 1347 1570 1383 a
1591 1347 1711 1383 l'acc.
1735 1349 1778 1383 et
1801 1348 1846 1384 in
1868 1348 2038 1394 signifie

403 1416 418 1439 «
439 1412 590 1440 envers
614 1416 643 1449 »,
665 1415 720 1440 ou
744 1405 842 1441 bien
865 1408 899 1441 te
921 1408 985 1441 est
1008 1406 1032 1441 3
1053 1406 1169 1441 l’abl.
1194 1408 1237 1442 et
1262 1407 1307 1441 in
1328 1406 1497 1451 signifie
1529 1418 1544 1441 «
1567 1407 1715 1452 quand
1746 1407 1775 1442 il
1807 1407 1937 1452 s’agit
1968 1407 2035 1451 de,

402 1464 510 1499 dans
544 1465 582 1500 le
617 1474 688 1500 cas
724 1465 814 1500 de»
849 1465 920 1510 (cf.
959 1465 1026 1500 XI
1061 1466 1117 1510 4).
1150 1486 1205 1490 —
1262 1466 1478 1501 Audacter
1514 1476 1576 1500 :·«
1598 1466 1809 1501 Voculam
1845 1466 2039 1502 audacter

403 1523 563 1560 Seneca
608 1525 663 1560 ad
707 1525 1082 1560 adseuerationem
1128 1525 1372 1570 augendam
1416 1532 1727 1569 saepenumero
1763 1526 2007 1570 usurpauit.
2027 1537 2042 1560 ι)

401 1584 671 1629 (Siegmund‚
699 1585 760 1620 De
787 1585 882 1620 Sen.
910 1584 1072 1620 Consol.
1098 1594 1138 1629 p.
1166 1585 1250 1629 12.)
1275 1584 1336 1620 Cf.
1367 1584 1434 1619 Ad
1459 1585 1603 1629 Polyb.
1629 1585 1667 1620 V
1689 1585 1714 1620 2
1739 1595 1747 1620 :
1773 1595 1788 1619 «
1811 1584 2040 1621 Neminem

402 1652 492 1678 esse
513 1645 610 1679 toto
634 1644 736 1679 orbe
758 1646 988 1687 terrarum,
1013 1644 1087 1689 qui
1110 1644 1349 1679 delectetur
1371 1644 1558 1679 lacrimis
1581 1644 1684 1688 tuis,
1709 1645 1903 1680 audacter
1925 1644 2043 1681 dixe-

400 1703 482 1738 rim
506 1715 533 1745 »,
554 1705 598 1738 et
621 1704 682 1739 De
703 1703 828 1740 Clem.
854 1704 871 1739 I
892 1704 930 1747 1,
952 1704 974 1739 5
997 1714 1004 1739 :
1027 1714 1042 1738 «
1065 1704 1192 1739 Potes
1213 1704 1307 1746 hoc,
1329 1703 1499 1746 Caesar,
1520 1704 1715 1739 audacter
1734 1704 1997 1748 praedicare.
2023 1716 2038 1739 ›>

402 1762 597 1808 seneque
629 1763 735 1799 e'crit
768 1764 882 1799 aussi
915 1763 1126 1799 audaciter
1158 1763 1261 1808 (Ep.
1300 1763 1367 1798 III
1400 1762 1439 1806 2,
1475 1762 1601 1799 XCII
1633 1762 1719 1807 31).
1753 1783 1810 1788 —-
1865 1764 2038 1800 Praeter

400 1832 632 1858 numerum
658 1833 665 1858 ι
694 1823 888 1868 seneque
912 1825 1019 1858 veut
1044 1823 1133 1857 dire
1159 1832 1256 1867 que,
1282 1823 1317 1857 si
1343 1822 1497 1858 Helvie
1523 1822 1596 1857 n'a
1621 1822 1776 1867 aupres
1802 1822 1927 1858 d’elle
1953 1832 2036 1868 que

401 1882 516 1918 deux
543 1882 626 1926 fils,
655 1883 822 1918 ceux-ci
848 1883 1113 1918 l’entourent
1141 1882 1193 1917 de
1221 1882 1335 1917 soins
1364 1884 1408 1917 et
1436 1882 1692 1917 d’affection
1721 1891 1889 1917 comme
1915 1882 2036 1918 trois.

402 1941 464 1977 Cf.
492 1942 560 1977 Ad
593 1943 726 1978 Marc.
763 1942 822 1977 IV
851 1942 876 1977 2
909 1952 917 1976 ε
951 1941 1114 1977 «Cuius
1147 1941 1343 1986 (Tiberii)
1375 1941 1514 1986 pietas
1547 1941 1784 1985 efficiebat,
1816 1943 1866 1978 ut
1896 1942 1942 1977 in
1966 1941 2040 1977 illo

401 2002 556 2036 acerbo
578 2004 621 2037 et
642 2001 802 2037 defleto
824 2001 1024 2046 gentibus
1046 2001 1195 2036 funere
1217 2001 1277 2046 (la
1298 2003 1411 2036 mort
1435 2000 1486 2036 de
1509 2001 1694 2046 Drusus)
1715 2001 1827 2036 nihil
1845 2001 1932 2037 sibi
1951 2001 2040 2037 nisi

401 2071 623 2096 numerum
644 2061 778 2096 deesse
799 2054 984 2096 sentiret
1005 2061 1180 2105 (Liuia).
1206 2072 1221 2093 ›>

485 2121 522 2156 4.
555 2141 610 2144 —
664 2120 843 2166 Nepotes
864 2131 871 2155 :
891 2130 990 2166 voy.
1015 2120 1057 2155 II
1077 2120 1099 2155 5
1118 2122 1161 2155 et
1183 2120 1338 2155 Introd.
1367 2121 1386 2165 ἓ
1406 2120 1470 2155 18.
1503 2140 1559 2144 --
1619 2120 1796 2165 Respice
1816 2130 1823 2154 :
1844 2119 1897 2155 cf.
1918 2120 1980 2155 VI
1998 2120 2035 2156 5.

402 2200 456 2204 ——-
514 2181 710 2216 Marcum
742 2191 750 2215 :
784 2189 839 2215 ou
871 2180 969 2215 bien
1000 2189 1059 2215 un
1090 2180 1158 2215 fils
1192 2180 1243 2215 de
1277 2180 1472 2225 seneque
1504 2189 1560 2214 ou
1591 2189 1669 2214 son
1701 2189 1842 2215 neveu
1873 2179 2038 2215 Lucain

402 2240 520 2285 (voy.
552 2240 708 2275 Introd.
747 2241 766 2285 ἓ
795 2240 877 2285 18).
901 2260 956 2264 ——
1013 2240 1253 2276 Blandum:
1279 2251 1294 2273 «
1315 2241 1537 2274 caressant
1556 2250 1583 2274 ».
1616 2259 1671 2264 ——
1728 2239 1819 2275 Ad:
1844 2238 1899 2274 cf.
1929 2238 1973 2274 X
2001 2238 2039 2274 5.

402 2301 445 2334 et
462 2309 562 2344 voy.
581 2309 640 2334 un
659 2301 782 2335 autre
799 2309 894 2334 sens
915 2299 981 2334 XI
1000 2300 1020 2334 1
1042 2302 1083 2334 et
1104 2299 1219 2334 XIII
1239 2299 1275 2334 5.
1309 2319 1364 2324 —-
1422 2299 1586 2334 Durare
1606 2309 1613 2333 :
1634 2308 1681 2334 ce
1698 2299 1844 2342 verbe,
1864 2298 1889 2334 a
1904 2297 2039 2343 l’epo-

401 2368 485 2404 que
505 2359 729 2404 classique,
750 2368 774 2394 a
791 2359 829 2394 le
848 2368 944 2394 sens
965 2359 1016 2394 de
1037 2369 1051 2392 «
1072 2359 1225 2394 rendre
1245 2359 1425 2394 durable
1445 2367 1501 2394 ou
1520 2358 1602 2393 dur
1625 2370 1652 2393 ».
1675 2358 1794 2394 Avec
1811 2358 1849 2393 le
1868 2366 1964 2393 sens
1985 2357 2037 2394 de

400 2419 523 2453 darer
551 2419 580 2453 il
610 2428 652 2453 se
681 2421 909 2454 rcncontre
939 2428 1023 2453 une
1053 2418 1168 2454 seule
1198 2418 1278 2453 fois
1310 2419 1411 2453 chez
1443 2417 1667 2453 Tite-Live
1699 2417 1739 2462 (I
1770 2417 1809 2461 9,
1842 2417 1900 2462 1),
1930 2417 2039 2452 mais

400 2478 488 2513 tres
522 2478 841 2523 frequemment
875 2479 978 2513 chez
1012 2478 1206 2523 Seneque
1235 2478 1319 2523 (De
1361 2478 1511 2523 Tranq.
1549 2477 1632 2512 An.
1671 2477 1713 2512 X
1746 2477 1798 2521 2;
1837 2477 1899 2512 De
1934 2476 2045 2512 Ben.

405 2537 422 2572 I
451 2537 516 2581 12,
545 2537 582 2580 1,
616 2538 682 2572 ΙΙΙ
709 2538 774 2580 32,
802 2538 850 2581 3;
880 2538 961 2583 Ερ.
999 2538 1111 2573 XXI
1139 2538 1176 2573 5.
1206 2537 1267 2574 Ci.
1296 2537 1460 2573 Lucain
1490 2536 1531 2572 X
1556 2537 1641 2581 24).
1676 2537 1764 2572 Du·
1791 2545 1976 2582 marque
1999 2535 2043 2571 13

402 2597 546 2640 (111188,
563 2596 616 2632 cf.
636 2608 651 2631 «
672 2597 835 2632 dudum
859 2609 887 2640 ›>,
904 2597 942 2632 18
958 2605 1055 2642 grec
1077 2603 1152 2641 δήν,
1169 2596 1354 2633 l’ancien
1376 2596 1582 2632 irlandais
1599 2596 1671 2631 doe
1687 2596 1702 2641 (
1716 2612 1755 2625 z
1777 2596 1898 2632 «lent
1917 2595 1963 2641 »).
1988 2603 2043 2620 ‘—

404 2657 518 2691 Pour
539 2656 661 2691 durer
680 2656 738 2691 les
767 2657 1000 2702 classiques
1033 2657 1269 2701 emploient
1291 2657 1518 2691 differents
1539 2656 1693 2692 verbes
1716 2655 1895 2691 suivant
1915 2654 2042 2690 l’idee

402 2715 426 2751 a
448 2716 675 2760 exprimer‚
697 2718 817 2751 entre
838 2719 982 2751 autres
1004 2726 1169 2751 manere
1190 2716 1292 2761 (Cic.
1321 2717 1383 2751 De
1402 2716 1499 2760 Leq.
1527 2715 1544 2750 I
1566 2715 1604 2758 1,
1629 2715 1670 2759 1)
1692 2717 1735 2750 et
1756 2716 1888 2750 tenere
1909 2714 2047 2759 (Tite-

403 2775 508 2810 Live
539 2775 702 2810 XXIII
732 2776 798 2818 44,
829 2775 885 2820 6).
918 2796 974 2800 —
1034 2776 1326 2812 Circumfusus
1357 2786 1366 2810 z
1399 2784 1514 2819 «par
1543 2781 1607 2809 ses
1639 2774 2008 2809 embrassements
2033 2785 2048 2808 »

404 2836 470 2880 (P.
491 2835 711 2880 Thomas).
733 2835 845 2870 C'est
864 2836 901 2871 le
920 2835 1219 2879 medio-passis
1239 2846 1247 2870 :
1267 2833 1552 2879 circumfundi
1577 2848 1625 2864 z
1648 2845 1662 2867 α
1678 2842 1722 2869 se
1743 2833 1855 2878 Jeter
1881 2842 1937 2868 au
1964 2842 2046 2868 cou

404 2894 457 2929 de
480 2906 508 2938 »,
528 2894 580 2929 cf.
603 2894 755 2938 Ovide,
777 2895 876 2930 Met.
907 2895 1013 2930 XIV
1033 2895 1227 2930 585-586.
1250 2906 1264 2928 «
1287 2895 1490 2940 Collaque
1517 2893 1710 2938 parentis
1734 2895 1750 2937 s
1770 2892 2039 2937 Circumfusa

405 2954 483 2989 sui.
509 2965 524 2987 »
548 2954 656 2999 Voy.
685 2954 726 2989 la
752 2956 854 2989 note
882 2964 954 2988 sur
980 2955 1197 2999 sparqitur
1224 2954 1305 2999 (VI
1334 2954 1391 2999 6).

492 3013 530 3049 5.
563 3034 617 3038 —
671 3014 763 3049 Non
796 3017 1067 3050 contractum
1101 3024 1108 3048 :
1142 3013 1184 3048 13
1216 3013 1436 3058 1188311011,
1469 3012 1523 3047 ici
1556 3014 1599 3048 et
1632 3011 1738 3047 dans
1772 3011 1830 3047 les
1864 3011 2041 3056 phrases
