2154 3377
474 212 538 243 An
572 209 791 243 iissLva
824 209 1027 241 MATREM
1061 208 1124 240 DE
1156 207 1535 240 coxsomrmuu.
1572 208 1619 239 vi
1800 195 1855 241 21

218 329 322 386 ipsa
359 329 566 373 locorum
602 329 759 385 grauis
794 340 889 369 11011
923 330 1011 376 est,
1049 330 1105 369 ut
1141 326 1216 369 hio
1252 338 1437 382 quoque
1475 325 1603 368 locus
1639 338 1665 367 a
1704 326 1858 381 patria

216 400 448 456 quosdam
492 399 762 443 abduxerit.
813 398 1022 446 1111101110,
1069 397 1148 454 qui
1193 396 1357 440 dicant
1400 396 1548 438 inesse
1594 396 1858 438 naturalem

212 471 457 527 quandam
501 470 822 514 inritationem
865 469 1034 512 animis
1076 467 1401 511 commutandi
1443 466 1575 509 sedes
1616 469 1666 508 et
1707 470 1860 508 trans-

212 541 394 585 ferendi
419 541 653 585 domicilia
680 555 690 592 ;
715 540 902 583 mobilis
925 540 1049 583 enim
1074 543 1124 582 et
1147 538 1359 595 inquieta
1385 537 1562 581 homini
1587 549 1719 579 mens
1743 536 1857 579 data

210 616 288 656 est
310 628 319 656 :
340 625 599 669 numquam
619 626 665 654 se
686 616 832 662 tenet,
853 611 1090 668 spargitur
1107 615 1158 653 et
1176 609 1486 665 cogitationes
1505 620 1614 651 suas
1632 607 1679 649 in
1697 607 1856 649 omnia

213 687 328 726 nota
345 687 488 740 atque
506 684 665 739 ignota
684 682 902 732 dimittit,
919 693 1040 737 uaga
1059 685 1110 724 et
1125 681 1297 737 quietis
1313 679 1549 736 inpatiens
1575 682 1626 721 et
1640 678 1856 720 nouitate

211 768 367 798 rerum
388 755 659 797 laetissima.
684 754 818 808 Quod
840 766 934 796 non
953 752 1211 801 miraberis,
1233 751 1269 794 si
1290 751 1491 807 primam
1511 750 1610 793 eius
1629 748 1855 805 originem

210 826 471 882 aspexeris:
498 838 590 867 non
613 829 687 868 est
709 839 769 868 ex
791 829 974 868 terreno
999 827 1048 866 et
1069 822 1202 879 graui
1227 825 1445 865 concreta
1470 833 1676 878 corpore,
1700 819 1854 863 exillo

293 948 334 980 N.
356 948 392 980 C.
435 966 469 971 —
507 949 536 979 V
567 950 600 980 G.
639 938 761 990 n'uquli
784 949 844 987 A;
876 955 1053 989 nusquam
1088 945 1294 985 Heusinger
1328 947 1365 978 et
1399 944 1520 977 Gertz.
1556 962 1591 967 —
1627 945 1774 985 inqnota
1808 944 1853 982 A,

210 1010 306 1034 corr.
331 1009 390 1042 ug.

215 1102 249 1139 si
268 1113 350 1148 peu
374 1116 389 1137 »
406 1103 509 1148 (litt.
533 1114 540 1138 :
562 1115 575 1137 «
599 1103 708 1139 n’est
727 1112 803 1147 pas
823 1103 847 1138 a
865 1112 923 1138 un
942 1102 1069 1148 degre
1085 1100 1145 1137 tel
1164 1111 1290 1147 que...
1305 1104 1330 1145 ›)
1362 1121 1415 1125 —
1456 1102 1632 1146 Quoque
1652 1110 1659 1135 :
1688 1099 1850 1136 semble

216 1163 307 1198 etre
328 1161 414 1208 pris
436 1162 488 1198 ici
510 1172 619 1207 pour
639 1162 777 1205 etiam,
800 1173 846 1197 ce
868 1162 943 1207 qui
965 1164 1029 1197 est
1049 1161 1251 1206 frequent
1274 1161 1380 1195 dans
1402 1159 1444 1195 la
1464 1159 1620 1204 langue
1641 1160 1693 1195 de
1714 1159 1851 1194 l'Em-

220 1221 326 1267 pire,
348 1222 401 1257 cs.
430 1223 492 1258 De
516 1222 653 1258 Const.
678 1222 719 1258 X
742 1222 761 1256 1
789 1232 798 1264 ;
825 1222 892 1257 Ad
915 1223 1048 1257 Marc.
1077 1221 1094 1256 I
1115 1222 1138 1256 4
1163 1231 1172 1263 ;
1197 1218 1434 1265 Quintilien
1457 1220 1499 1255 X
1522 1220 1558 1262 1,
1583 1219 1658 1254 121
1686 1230 1694 1262 ;
1717 1219 1756 1262 2,
1781 1219 1846 1254 15.

297 1281 336 1317 6.
359 1301 414 1306 -
444 1281 524 1317 Sur
545 1281 604 1316 les
626 1281 740 1316 idees
763 1291 846 1326 que
869 1280 1151 1316 contiennent
1172 1290 1218 1315 ce
1240 1278 1510 1324 paragraphe
1532 1280 1575 1314 et
1595 1277 1633 1314 le
1655 1277 1847 1321 suivant,

213 1340 492 1386 voy.,Introd.
515 1350 587 1385 pp.
611 1340 982 1376 XLv-XLV1.—
1001 1339 1082 1384 Qui
1101 1339 1245 1375 dicant
1261 1349 1268 1373 :
1286 1338 1344 1374 les
1360 1337 1576 1374 stoiciens.
1594 1358 1648 1362 —
1666 1338 1848 1374 Natura—

205 1399 340 1435 lem...
368 1399 662 1436 imitationem
691 1410 699 1434 z
729 1411 744 1433 <‹
766 1409 824 1435 un
851 1400 1086 1445 penchant,
1114 1408 1173 1434 un
1199 1398 1381 1434 instinct
1404 1410 1418 1431 ›>
1445 1397 1510 1442 (P.
1540 1397 1761 1442 Thomas).
1793 1418 1848 1422 —

205 1458 481 1505 Numquam:
514 1469 614 1505 voy.
644 1460 691 1495 N.
728 1460 768 1495 C.
803 1459 855 1495 Je
886 1468 1091 1494 conserve
1122 1461 1237 1494 cette
1255 1457 1376 1503 100011
1396 1467 1447 1493 en
1467 1457 1774 1493 m’autorisant
1794 1457 1846 1493 de

206 1528 438 1563 numquam
462 1519 618 1554 resistit
642 1518 688 1563 (ξ
714 1519 769 1563 7).
801 1539 856 1543 -
916 1517 1135 1564 Spargitur
1160 1528 1168 1552 ε
1196 1529 1210 1550 «
1232 1527 1275 1552 se
1299 1517 1464 1562 repand
1487 1528 1516 1559 »‚
1542 1516 1594 1552 cf.
1624 1517 1780 1552 XVIII
1805 1517 1842 1551 4.

209 1576 268 1612 Le
296 1577 431 1622 passif
457 1576 567 1613 latin
595 1579 855 1622 correspond
882 1580 1068 1613 souvent
1096 1587 1149 1612 au
1178 1587 1335 1623 moyen
1364 1585 1474 1621 grec,
1503 1585 1581 1621 par
1608 1575 1804 1620 exemple
1832 1587 1841 1611 t

207 1647 224 1670 e
247 1634 396 1682 cingor
418 1648 433 1669 »
459 1654 496 1666 =
521 1647 535 1670 «
555 1636 596 1682 je
620 1647 687 1672 me
711 1636 824 1672 ceins
839 1648 870 1680 »,
889 1647 1100 1672 «exerceor
1122 1648 1136 1671 »
1162 1654 1200 1666 =
1223 1647 1238 1670 «
1258 1636 1299 1680 je
1318 1636 1529 1672 m'exerce
1552 1646 1580 1678 »‚
1600 1646 1615 1669 «
1631 1635 1811 1681 purgari
1828 1647 1843 1669 »

215 1712 253 1724 =
276 1706 291 1729 «
313 1705 356 1731 se
372 1695 561 1740 Justifier
585 1707 611 1731 ›>.
631 1696 743 1732 C'est
761 1707 807 1732 ce
824 1696 955 1742 qu’on
972 1695 1139 1741 appelle
1154 1696 1192 1732 le
1208 1695 1502 1741 medio-passis
1517 1695 1636 1740 (voy.
1657 1695 1840 1737 Ernout,

207 1755 419 1800 Morphol.
448 1755 588 1790 histor.
618 1756 673 1790 du
701 1756 821 1799 latin,
848 1765 890 1800 p.
921 1756 1028 1797 165).
1077 1755 1110 1792 Il
1137 1765 1161 1791 a
1188 1756 1327 1791 meme
1354 1754 1515 1800 parfois
1542 1764 1602 1790 un
1627 1753 1840 1799 participe

202 1814 393 1858 present,
426 1814 535 1849 ainsi
564 1825 751 1850 eaeercens
792 1832 829 1845 =
866 1826 881 1848 «
902 1815 1146 1860 s'exereant
1169 1826 1184 1848 »
1214 1814 1316 1859 (Cic.
1354 1816 1415 1850 De
1450 1814 1516 1850 Or.
1554 1814 1596 1849 II
1627 1814 1694 1857 71,
1724 1813 1839 1858 287),

200 1873 356 1909 lauans
409 1891 446 1903 =
496 1885 510 1907 ‹<
532 1883 575 1909 se
611 1873 779 1917 lavant,
805 1884 848 1910 se
886 1874 1096 1919 baignant
1119 1885 1134 1908 »
1164 1873 1406 1919 (Tite-Live
1440 1874 1584 1909 XLIV
1615 1873 1654 1916 6,
1688 1873 1742 1918 1).
1786 1893 1842 1898 —-

203 1932 493 1978 Cogitationes
516 1933 560 1968 in
585 1933 775 1969 omnia...
802 1933 977 1969 dimittit
1003 1944 1011 1968 :
1036 1933 1074 1969 le
1098 1936 1191 1970 mot
1216 1933 1401 1969 abstrait
1426 1933 1619 1978 cogitatio
1643 1935 1708 1969 est
1733 1932 1838 1968 d'un

201 1991 361 2036 emploi
381 1992 468 2028 tres
490 1991 702 2038 classique
724 1993 748 2028 a
768 1992 809 2027 la
830 1992 950 2037 place
973 1993 1029 2028 du
1046 1995 1219 2029 eoncret
1237 2003 1244 2027 :
1261 1993 1500 2038 cogitatum,
1523 1992 1575 2028 cf.
1601 1992 1684 2029 Cic.
1716 1993 1836 2028 Tusc.

207 2050 225 2086 Ι
246 2051 285 2094 3,
308 2051 332 2087 6
356 2061 364 2086 ε
387 2062 403 2085 «
425 2050 676 2088 Mandare...
699 2051 854 2088 litteris
875 2053 1143 2097 coqitationes
1164 2062 1262 2088 suas
1287 2063 1313 2087 ›>.
1338 2053 1404 2089 On
1425 2055 1581 2088 trouve
1611 2053 1663 2088 de
1696 2053 1837 2088 meme

198 2119 255 2144 au
281 2120 378 2146 sens
405 2113 579 2147 concret
604 2111 834 2147 ambulatio
860 2111 963 2156 (Cic.
1000 2112 1119 2147 Tusc.
1151 2112 1208 2147 IV
1234 2113 1273 2155 4,
1313 2112 1369 2157 7),
1408 2114 1451 2148 et
1488 2111 1693 2157 possessio
1730 2111 1835 2157 (Cic.

203 2169 272 2205 Act
306 2171 389 2206 Att.
422 2170 484 2205 VI
517 2171 554 2213 1,
588 2170 671 2215 13).
707 2171 853 2216 Quant
884 2171 909 2207 a
938 2171 979 2206 la
1009 2171 1164 2216 pensee
1196 2171 1413 2216 exprimee
1443 2171 1511 2214 ici,
1543 2171 1596 2206 cf.
1630 2171 1725 2216 plus
1758 2172 1834 2208 bas

202 2228 269 2264 XI
293 2229 315 2264 7
339 2231 381 2264 et
405 2229 493 2265 XX
512 2230 551 2265 2.

277 2288 315 2323 7.
348 2308 403 2312 -
436 2289 499 2325 Ex
518 2288 591 2325 illo
613 2289 786 2325 caelesti
806 2289 956 2335 spirit-u
980 2300 988 2325 :
1012 2290 1118 2326 c'est
1139 2290 1180 2326 la
1203 2300 1261 2339 1111
1283 2291 1356 2326 des
1380 2291 1555 2336 dogmes
1578 2290 1834 2327 fondamen-

195 2349 308 2383 taux
332 2348 384 2383 de
407 2347 448 2383 la
471 2349 807 2395 metaphysique
830 2349 1079 2386 stoieienne.
1107 2348 1254 2385 L'ame
1279 2349 1497 2393 humaine‚
1522 2350 1692 2395 d'apres
1717 2353 1832 2387 cette

197 2406 409 2450 doctrine,
439 2410 503 2443 est
531 2418 615 2443 une
644 2408 894 2444 emanation
922 2409 980 2444 du
1008 2408 1079 2444 feu
1109 2408 1242 2444 divin.
1266 2409 1375 2455 Voy.
1410 2410 1565 2445 Introd.
1595 2419 1667 2454 pp.
1693 2410 1831 2446 XLV-

197 2465 357 2509 XLVI,
374 2469 417 2502 et
440 2466 492 2501 cf.
512 2466 702 2512 Diogene
719 2468 875 2504 Laerce
899 2469 976 2504 157
1000 2468 1185 2513 (Arnim,
1212 2469 1228 2503 I
1253 2470 1272 2514 ἓ
1296 2469 1388 2512 135,
1404 2479 1445 2514 p.
1469 2469 1563 2514 38):
1588 2480 1603 2503 «
1619 2473 1730 2513 Ζήνων
1754 2475 1791 2506 όὲ
1812 2474 1829 2505 ὁ

198 2529 331 2568 Κιτιεὺς
441 2534 571 2573 πνεῦμα
603 2531 765 2573 ἔνθερμον
803 2532 888 2564 εἶναι
915 2537 974 2572 τῆν
1006 2534 1118 2574 ψυχήν
1141 2540 1169 2572 1),
1226 2532 1268 2564 et
1315 2528 1553 2571 ΝρῐΠὲδίῑΙὸ,
1607 2530 1667 2565 De
1728 2530 1826 2565 Ναί.

194 2585 320 2620 Hom.
353 2584 427 2629 Cp.
469 2585 508 2628 2,
552 2595 593 2630 p.
628 2587 680 2622 38
723 2586 893 2630 (Arnim
936 2588 977 2622 II
1016 2589 1035 2633 ξ
1076 2588 1171 2631 773,
1214 2598 1254 2633 p.
1298 2589 1396 2633 217)
1421 2598 1431 2631 ;
1473 2588 1526 2624 cf.
1557 2598 1708 2623 encore
1741 2588 1824 2624 Cic.

201 2643 321 2678 Tusc.
363 2643 379 2678 I
416 2644 481 2686 10,
518 2645 583 2687 19,
619 2648 662 2681 et
694 2655 920 2690 comparez
949 2646 974 2682 a
1004 2656 1071 2682 ees
1103 2649 1153 2692 ἐξ
1175 2647 1245 2683 6-7
1269 2657 1326 2682 1111
1349 2656 1530 2693 passage
1553 2648 1604 2683 (10
1630 2648 1824 2693 Seneque

191 2701 296 2747 (Ep.
336 2702 460 2738 XCII
494 2703 639 2749 30-31)
675 2705 804 2740 d’une
839 2705 1097 2749 inspiration
1129 2705 1225 2751 plus
1250 2706 1392 2742 elevee
1416 2709 1459 2742 et
1483 2707 1578 2751 plus
1603 2705 1824 2751 religieuse

190 2770 276 2806 que
305 2761 501 2804 celui-ci;
532 2762 562 2798 il
595 2767 659 2799 est
691 2767 790 2808 trop
821 2763 922 2809 long
953 2773 1062 2809 pour
1094 2765 1183 2801 etre
1209 2765 1294 2802 cite
1324 2765 1390 2802 ici.
1422 2787 1476 2792 —
1496 2766 1690 2811 Seneque
1710 2765 1823 2801 n'est

190 2828 268 2864 pas
310 2821 509 2866 touJ‘ours
558 2822 672 2858 aussi
715 2822 944 2859 affirmatis
993 2825 1140 2869 quand
1182 2824 1211 2859 il
1259 2825 1377 2870 parle
1427 2825 1478 2860 (10
1526 2824 1719 2870 l'origine
1768 2825 1822 2860 de

189 2877 318 2915 l'ame
341 2890 352 2922 ;
372 2879 401 2914 il
421 2881 639 2926 temoigne
659 2882 819 2927 parfois
841 2882 946 2917 d'un
966 2883 1236 2928 scepticisme
1257 2884 1331 2929 qui
1352 2884 1423 2919 n’a
1443 2884 1533 2919 rien
1554 2884 1606 2919 de
1626 2883 1822 2927 stoicien,

190 2937 244 2974 cf.
273 2938 354 2985 Ep.
381 2939 527 2976 CXXI
553 2941 602 2976 12
627 2951 635 2976 :
662 2952 676 2975 «
699 2942 786 2977 Nos
811 2951 984 2987 quoque
1007 2941 1202 2978 animum
1223 2943 1382 2979 habere
1405 2953 1481 2979 nos
1504 2942 1662 2978 scimus
1687 2953 1696 2979 ε
1721 2943 1823 2989 quid
