2154 3377
382 213 444 244 Ar)
478 212 698 244 HELVIAM
734 211 936 244 MATREM
970 212 1032 243 DE
1065 212 1444 249 CONSOLATIONE,
1481 213 1559 244 XVl
1744 199 1802 244 85

163 329 364 379 malum,
415 330 718 386 inpudicitia.
768 329 814 372 in
864 341 1109 371 numerum
1162 329 1364 384 plurium
1415 329 1656 378 adduxit;
1711 342 1804 371 non

160 411 372 455 gemmae
400 405 462 450 te,
491 414 583 443 non
610 400 890 456 margaritae
920 399 1157 442 flexerunt
1181 414 1191 449 ;
1219 412 1310 441 non
1338 399 1425 441 tibi
1452 399 1646 442 diuitiae
1674 400 1806 442 uelut

162 471 423 513 maximum
447 471 627 526 generis
650 470 844 513 humani
868 471 1044 513 bonum
1069 470 1354 513 refulserunt
1378 484 1388 520 ;
1413 482 1506 511 non
1530 473 1592 519 te,
1617 469 1732 512 bene
1759 471 1804 511 in

160 541 360 597 antiqua
395 546 446 585 et
478 554 638 585 seuera
675 541 946 584 institutam
981 541 1138 590 dom0‚
1174 541 1433 597 periculosa
1467 540 1612 583 etiam
1648 540 1806 596 probis

162 612 374 667 peiorum
414 613 615 656 detorsit
653 613 893 662 imitati03
933 624 1193 668 numquam
1234 615 1280 655 tc
1320 611 1629 654 fecunditatis
1677 614 1803 659 tuae,

161 682 294 738 quasi
328 685 637 740 exprobraret
669 687 893 733 aetatem,
922 683 1108 740 puduit,
1134 695 1394 738 numquam
1428 694 1554 725 more
1588 681 1804 730 aliarum,

161 753 334 809 quibus
369 755 522 797 omnis
559 754 907 798 commendatio
945 767 1006 796 ex
1041 754 1191 797 forma
1229 753 1424 809 petitur,
1462 755 1803 795 tumescentem

163 827 351 867 uterum
391 825 681 869 abscondisti
726 826 858 882 quasi
895 825 1115 867 indecens
1152 837 1286 872 onus,
1327 837 1411 866 nec
1454 824 1576 866 intra
1624 823 1803 866 uiscera

160 898 243 937 tua
271 900 524 952 conceptas
558 911 663 953 spes
696 897 947 940 liberorum
988 895 1190 945 elisisti;
1225 907 1320 936 non
1360 894 1527 937 faciem
1571 893 1804 937 coloribus

160 977 216 1008 ac
250 965 490 1011 lenociniis
534 968 778 1024 polluisti;
826 979 1084 1023 numquam
1126 966 1213 1008 tibi
1254 965 1435 1022 placuit
1476 965 1636 1014 uestis,
1683 976 1802 1020 quae

236 1085 276 1117 N.
299 1086 335 1117 C.
363 1104 395 1108 —
446 1086 535 1117 XVI
565 1086 596 1118 3.
630 1085 779 1116 adduxit
811 1086 870 1122 Α;
903 1085 1007 1116 malit
1041 1084 1114 1115 fere
1149 1084 1287 1115 Gertz:
1322 1083 1480 1115 abduxit.
1510 1100 1543 1104 —
1576 1081 1715 1123 probris
1744 1082 1804 1119 Α;

161 1140 283 1181 probis
309 1147 368 1179 ug.
396 1157 429 1162 -
462 1139 660 1170 abcondisli
686 1139 729 1175 A,
757 1146 848 1170 corr.
877 1145 935 1177 ug.

248 1242 286 1278 3.
318 1262 373 1266 —
430 1240 685 1286 lnpudieitia
714 1251 721 1275 :
748 1240 806 1275 les
842 1240 1159 1276 declamateurs
1187 1248 1230 1275 se
1258 1237 1488 1284 plaisaient
1515 1237 1538 1272 a
1563 1235 1803 1271 invectiver

159 1303 308 1338 contre
322 1299 615 1336 l’immoralite
631 1300 682 1335 de
697 1299 809 1334 leurs
823 1299 1188 1344 contemporains,
1202 1308 1252 1334 en
1270 1296 1518 1343 particulier
1534 1297 1684 1331 contre
1699 1293 1802 1330 celle

161 1361 235 1396 des
266 1359 460 1403 femmes‚
486 1359 538 1394 cf.
568 1358 761 1404 seneque
792 1358 830 1394 le
860 1358 978 1402 Pere,
1006 1358 1145 1394 Contr.
1175 1358 1192 1393 I
1216 1358 1256 1401 2,
1281 1357 1333 1393 20
1360 1367 1367 1391 :
1396 1367 1411 1390 «
1434 1356 1584 1391 Potest
1609 1354 1801 1399 aliquam

159 1428 433 1464 corrumpere
460 1418 648 1463 prolapsi
677 1418 719 1453 in
747 1418 856 1453 uitia
883 1417 1041 1453 saeculi
1069 1426 1206 1462 praua
1234 1415 1502 1452 consuetudo
1529 1413 1681 1459 (etiam
1711 1422 1802 1448 ma-

158 1482 384 1516 tronarum
409 1477 597 1513 multum
619 1477 662 1512 in
691 1477 868 1512 libidine
893 1476 1210 1522 magisterium)
1235 1488 1263 1519 »‚
1291 1478 1333 1511 et
1357 1475 1458 1511 ibid.
1487 1474 1529 1509 II
1555 1474 1593 1517 7,
1614 1473 1633 1507 1
1662 1483 1669 1507 :
1704 1484 1718 1506 «
1738 1471 1801 1507 Eo

162 1538 351 1584 prolapsi
371 1538 459 1573 iam
479 1545 617 1572 mores
641 1537 832 1573 ciuitatis
854 1539 972 1580 sunt,
994 1539 1043 1573 ut
1065 1545 1191 1572 nemo
1214 1536 1269 1571 ad
1295 1533 1557 1580 suspicanda
1584 1531 1801 1567 adulteria

161 1598 343 1634 nimium
372 1596 570 1633 credulus
600 1597 735 1641 possit
765 1596 916 1631 uideri.
944 1596 1086 1641 »Voy.
1110 1595 1266 1631 Introd.
1297 1604 1369 1639 pp.
1401 1591 1572 1629 VI-VII
1604 1594 1647 1627 et
1680 1590 1798 1627 LIX.

160 1657 293 1693 Eleve
317 1657 390 1692 des
415 1657 745 1699 declamateurS,
769 1655 958 1691 Juvenal
983 1657 1047 1691 est
1073 1655 1188 1690 aussi
1211 1654 1297 1690 tres
1322 1653 1468 1689 severe
1492 1653 1516 1688 a
1538 1650 1699 1696 l’egard
1726 1650 1799 1686 des

157 1718 337 1752 femmes
355 1726 365 1759 ;
384 1725 484 1761 voy.
505 1717 679 1751 surtout
698 1724 745 1750 sa
770 1715 905 1750 Satire
924 1714 999 1749 VI.
1032 1735 1088 1739 —
1146 1714 1394 1750 Gemmae...
1421 1711 1679 1757 margaritae
1703 1720 1711 1745 :
1740 1709 1799 1745 les

160 1775 475 1812 declamateurs
499 1775 708 1810 s'elevent
732 1774 847 1809 aussi
872 1776 1021 1809 contre
1044 1773 1085 1809 13
1108 1773 1282 1819 passion
1307 1773 1380 1808 des
1403 1772 1582 1807 femmes
1608 1779 1717 1814 pour
1739 1769 1799 1804 les

162 1835 328 1880 bijoux,
349 1835 402 1870 cf.
426 1834 564 1871 Contr.
590 1834 631 1870 II
653 1834 690 1877 5,
711 1834 748 1869 7.
771 1833 849 1869 Les
870 1833 1022 1878 perles,
1044 1842 1096 1868 en
1115 1832 1378 1878 particulier‚
1398 1831 1601 1867 faisaient
1620 1829 1769 1864 fureur
1790 1838 1798 1863 :

157 1908 172 1928 «ι
196 1894 467 1940 Principium
499 1894 764 1939 columenque
796 1893 986 1928 omnium
1018 1902 1156 1928 rerum
1189 1892 1295 1938 preli
1327 1890 1580 1936 marqaritae
1613 1890 1759 1924 tenent.
1786 1899 1801 1921 ι)

157 1953 312 1998 (Pline,
342 1953 441 1989 Nat.
470 1953 582 1988 Hist.
616 1952 678 1987 IX
708 1951 820 1997 106.)
848 1972 902 1976 ———
960 1951 1008 1987 In
1036 1951 1258 1997 antiqua...
1288 1951 1416 1987 domo
1444 1961 1452 1985 2
1480 1949 1630 1985 Tacite
1658 1947 1797 1992 (Dial.

157 2012 379 2057 XXVIII)
399 2012 592 2048 attribue
613 2011 636 2047 a
655 2011 902 2047 l'influence
923 2010 1175 2046 maternelle
1194 2010 1465 2046 l’excellence
1486 2008 1538 2044 de
1558 2007 1798 2043 l'ancienne

156 2072 388 2108 education
414 2082 421 2106 :
449 2083 463 2105 «
486 2071 657 2107 Pridem
682 2080 783 2106 suus
809 2071 964 2116 cuique
987 2070 1118 2114 filiuS‚
1143 2080 1191 2106 ex
1213 2072 1326 2106 casta
1348 2071 1517 2115 parente
1540 2069 1686 2110 natus,
1711 2075 1798 2101 non

154 2132 197 2167 in
219 2131 326 2168 cella
347 2133 520 2176 emptae
542 2131 737 2174 nutricis,
759 2131 829 2166 sed
851 2131 1006 2176 gremio
1029 2141 1076 2166 ac
1095 2131 1196 2167 sinu
1217 2129 1363 2166 matris
1385 2127 1654 2170 educabatur,
1677 2125 1797 2161 cuius

155 2191 388 2236 praecipua
408 2190 501 2226 laus
524 2193 661 2226 erat...
683 2190 890 2226 inseruire
910 2190 1101 2226 liberis...
1128 2190 1247 2234 Quae
1269 2188 1495 2233 disciplina
1517 2196 1567 2222 ac
1588 2184 1797 2221 seueritas

156 2259 204 2285 eo
233 2250 496 2295 pertinebat,
526 2252 575 2285 ut
604 2250 770 2284 sincera
799 2252 842 2285 et
870 2249 1041 2296 integra
1070 2251 1113 2285 et
1141 2249 1268 2285 nullis
1299 2247 1593 2294 prauitatibus
1624 2245 1798 2280 detorta

154 2309 281 2345 unius
301 2309 508 2355 cuiusque
528 2311 687 2345 natura
705 2303 801 2344 toto
817 2309 971 2345 statim
991 2311 1166 2354 pectore
1187 2309 1395 2353 arriperet
1415 2309 1528 2343 artes
1544 2306 1766 2341 honestas.
1783 2314 1798 2337 ι»

154 2369 264 2414 Voy.
289 2377 344 2404 au
366 2368 490 2413 chap.
516 2368 675 2404 XXIX
697 2369 734 2403 le
756 2368 950 2412 tableau,
973 2371 1074 2405 tout
1097 2368 1273 2414 oppose‚
1298 2367 1404 2414 qu'il
1424 2369 1543 2402 trace
1566 2365 1619 2400 de
1640 2363 1690 2399 l'«
1711 2363 1797 2398 ins-

154 2428 337 2464 titution
362 2439 376 2461 »
406 2428 479 2463 des
510 2427 683 2463 enfants
716 2428 739 2463 a
769 2437 847 2463 son
879 2428 1060 2474 epoque.
1096 2428 1162 2464 On
1192 2428 1277 2464 sait
1308 2425 1541 2473 qu'Helvie
1573 2423 1694 2459 avait
1728 2421 1796 2457 ete

155 2487 297 2523 elevee
321 2497 372 2523 en
398 2487 612 2532 Espagne‚
633 2490 675 2522 et
697 2497 794 2532 que,
811 2487 918 2522 dans
942 2487 1000 2523 les
1023 2488 1266 2532 provinces,
1281 2487 1323 2522 la
1344 2484 1543 2521 moralite
1566 2482 1674 2519 etait
1697 2481 1795 2517 bien

153 2546 400 2591 superieure
423 2546 447 2581 a
471 2546 574 2582 celle
598 2547 650 2582 de
675 2547 826 2582 Rome.
854 2546 1122 2591 Cependant‚
1149 2547 1173 2582 a
1195 2546 1396 2592 l'e'poque
1420 2545 1472 2580 de
1496 2543 1645 2579 Tacite
1669 2539 1794 2586 (ibid.

155 2605 391 2650 XXVIII),
423 2605 522 2641 elles
553 2606 898 2651 commencaient
931 2606 954 2641 a
985 2607 1076 2642 etre
1108 2605 1402 2642 contaminees
1434 2613 1513 2649 par
1542 2601 1638 2638 l’air
1669 2600 1722 2634 de
1753 2598 1794 2633 la

153 2665 353 2710 capitale.
385 2685 440 2689 ——
500 2665 658 2701 Elisisti
691 2676 699 2700 :
732 2665 934 2710 pratique
966 2665 1080 2700 aussi
1111 2665 1334 2710 repandue
1363 2684 1419 2689 —-
1446 2662 1665 2709 peut-etre
1696 2657 1793 2703 plus

154 2724 374 2769 repandue
403 2733 555 2759 encore
582 2744 636 2748 —
664 2724 772 2759 dans
802 2723 1053 2769 l'antiquite
1082 2733 1166 2770 que
1194 2724 1246 2759 de
1275 2733 1352 2759 nos
1379 2723 1524 2769 iours3
1554 2720 1606 2756 cf.
1639 2716 1793 2759 Ovide,

159 2783 300 2820 Amor.
334 2783 376 2819 II
409 2784 458 2818 14
483 2794 492 2826 ;
526 2783 627 2819 Nux
658 2783 773 2829 Eley.
803 2783 890 2826 22;
922 2783 1081 2819 Juven.
1105 2783 1167 2819 VI
1201 2783 1282 2819 592
1314 2791 1409 2829 sqq.
1432 2802 1487 2807 —
1519 2781 1599 2816 Sur
1624 2778 1725 2813 tout
1747 2785 1794 2811 ce

154 2843 438 2888 paragrapho,
457 2852 556 2888 voy.
577 2842 617 2878 la
640 2844 741 2879 note
760 2852 832 2877 sur
852 2842 1082 2888 uoluptatis
1099 2842 1235 2887 (XIII
1253 2841 1311 2888 3).

237 2901 276 2937 4.
309 2921 363 2926 —
421 2901 659 2937 LenoeiniiS
697 2912 704 2936 :
742 2901 998 2937 lenocinium
1033 2901 1331 2946 (proprement
1369 2911 1377 2936 :
1415 2901 1473 2936 les
1509 2899 1697 2935 artifices
1735 2900 1793 2935 du

154 2960 277 3006 leno),
293 2961 462 3006 signifie
478 2970 532 2996 au
549 2960 687 3006 figure
703 2969 757 2996 ou
775 2960 873 2996 bien
891 2971 906 2994 (ι
927 2959 1169 3003 seduction,
1187 2961 1343 2996 atti-ait
1367 2972 1382 2994 »
1397 2968 1452 2995 ou
1470 2959 1567 2994 bien
1585 2969 1600 2993 (ι
1621 2967 1792 3003 parure,

154 3020 421 3066 coquetterie
444 3032 470 3055 ».
510 3020 582 3063 Ici,
614 3020 702 3054 l'un
735 3022 777 3055 et
809 3019 966 3055 l’autre
995 3027 1092 3054 sens
1123 3021 1223 3056 sont
1254 3019 1474 3064 possibles.
1511 3019 1734 3054 Peut-etre
1765 3027 1793 3064 y
