2195 3345
285 789 322 824 ,τὸ

406 224 466 269 72
705 236 748 266 L.
784 233 950 266 ANNAEI
987 233 1182 265 SENECAE
1214 233 1534 265 DIALOGORUM
1562 234 1752 265 L113.xrr

402 354 479 404 sit,
513 353 624 410 quia
655 353 873 396 defuerat
898 351 922 394 ‘?
954 351 1042 394 His
1071 361 1180 406 ergo
1212 350 1459 393 aduocatis
1491 363 1584 393 non
1616 354 1808 394 tantum
1839 354 1948 395 tuta
1978 355 2054 395 est

403 425 483 468 sed
511 425 657 468 etiam
682 424 890 481 gratiosa
918 425 1191 479 paupertas.

492 495 620 540 X111.
652 522 698 526 —
723 494 1016 551 Responderi
1039 496 1199 550 potest
1224 508 1233 536 :
1279 508 1296 535 «
1318 493 1438 547 Quid
1461 493 1716 536 artificiose
1737 493 1828 536 ista
1851 493 2050 544 diducis,

402 581 522 625 quae
546 567 729 623 singula
753 565 973 609 sustineri
997 568 1212 622 possunt,
1238 565 1426 608 conlata
1451 577 1546 606 non
1568 568 1770 621 possunt
1795 564 1819 607 ‘2
1842 577 2053 608 commu-

401 639 522 682 tatio
555 639 644 682 loci
675 637 935 681 tolerabilis
965 640 1053 687 est,
1087 636 1124 679 si
1156 639 1348 679 tantum
1381 635 1536 678 locum
1568 639 1724 678 mutes
1749 651 1760 686 ;
1792 640 2050 692 paupertas

401 709 660 753 tolerabilis
697 712 785 759 est,
825 708 862 751 si
899 707 1156 764 ignominia
1195 707 1337 756 absit,
1378 718 1497 762 quae
1536 707 1612 749 uel
1649 707 1745 749 sola
1785 707 2048 764 opprimere

400 781 584 824 animos
619 780 798 823 solet.»
830 779 1070 822 Aduersus
1106 779 1246 829 hunc,
1284 778 1496 834 quisquis
1530 790 1604 820 me
1638 778 1872 821 malorum
1906 778 2049 821 turba

479 910 518 942 N.
541 910 577 941 C.
603 927 637 931 —-
662 909 760 940 XIII
781 909 812 940 1.
840 908 933 940 absit
951 909 982 939 A
1002 918 1011 946 ;
1032 908 1128 939 abest
1147 908 1253 947 scrip.
1278 907 1388 938 Gertz
1408 906 1498 943 (uid.
1521 906 1598 938 eius
1619 907 1719 938 Stud.
1741 908 1817 939 crit.
1839 916 1875 947 p.
1899 907 1994 947 161).

401 1026 596 1061 hommes
618 1023 660 1058 13
681 1022 847 1058 charite
868 1022 1001 1068 qu'on
1023 1022 1114 1057 leur
1137 1031 1161 1056 a
1182 1022 1302 1064 faite,
1327 1023 1574 1056 autrement
1597 1020 1661 1056 dit
1685 1031 1693 1056 ε
1716 1021 1811 1056 leur
1832 1022 2044 1065 pauvrete

401 1084 510 1120 etait
541 1092 601 1118 un
633 1083 829 1117 honneur
860 1091 969 1126 pour
1002 1091 1098 1117 eux.
1130 1101 1185 1106 —
1246 1080 1368 1116 His...
1403 1080 1624 1116 aduocatis
1658 1091 1666 1115 :
1701 1092 1716 1113 «
1738 1089 1844 1115 avec
1876 1080 1928 1115 de
1957 1080 2043 1116 tels

401 1145 580 1179 avocats
604 1154 633 1185 »,
662 1141 746 1177 abl.
777 1141 942 1177 absolu.
974 1141 1080 1177 Sous
1108 1141 1149 1176 13
1180 1140 1469 1185 Republique‚
1498 1140 1757 1175 l’aduocatus
1786 1139 1894 1175 etait
1921 1139 2042 1175 l'ami

401 1213 456 1239 ou
480 1203 520 1238 le
546 1201 705 1238 conseil
731 1201 805 1246 qui
831 1201 968 1236 aidait
994 1200 1178 1236 l'accuse
1206 1200 1258 1235 de
1284 1208 1331 1234 sa
1357 1200 1574 1243 presence,
1603 1198 1655 1234 de
1681 1207 1758 1234 son
1788 1198 1940 1243 credit,
1958 1202 2040 1235 etc.

401 1263 508 1299 Sous
537 1260 761 1306 l'Empire,
784 1270 829 1296 ce
851 1263 943 1296 mot
974 1260 1151 1295 devient
1179 1259 1464 1304 l’equivalent
1493 1258 1546 1294 de
1575 1261 1779 1304 patronus
1807 1269 1958 1295 causae
1986 1268 2042 1294 ou

399 1321 640 1358 causidicus
695 1337 734 1349 =
786 1322 944 1355 avocat
984 1319 1086 1364 (Cic.
1140 1319 1201 1354 De
1240 1318 1308 1354 Or.
1351 1318 1392 1353 II
1431 1318 1497 1361 69,
1536 1318 1648 1362 280).
1693 1338 1748 1342 —
1806 1318 2002 1354 Gratiosa
2032 1329 2040 1353 :

401 1381 608 1427 qratiosus
639 1389 663 1414 a
693 1380 808 1415 deux
837 1387 933 1414 sens
964 1379 1223 1423 principaux
1254 1389 1262 1413 :
1301 1389 1316 1411 «
1338 1378 1412 1423 qui
1444 1387 1467 1412 a
1504 1377 1562 1412 du
1599 1377 1737 1413 credit
1779 1380 1823 1413 et
1866 1387 1918 1413 en
1959 1377 2041 1413 fait

399 1441 581 1486 profiter
615 1439 760 1474 autrui
783 1450 798 1473 »
831 1448 887 1474 ou
922 1438 1171 1483 «iouissant
1206 1437 1258 1473 de
1291 1437 1333 1472 13
1366 1437 1720 1485 13η*6ω“,165’[1η16
1741 1447 1785 1480 »;
1820 1437 1873 1472 cf.
1908 1436 2042 1472 Aulu-

401 1500 517 1538 Gelle
546 1499 611 1534 IX
637 1498 703 1542 12,
731 1499 751 1533 1
782 1508 790 1533 :
819 1510 833 1532 «
858 1498 952 1533 Dici
978 1499 1169 1542 potest...
1199 1496 1407 1542 maliosus
1434 1499 1475 1531 et
1502 1496 1576 1541 qui
1602 1496 1783 1531 adhibet
1809 1496 1971 1541 gratias
1997 1499 2040 1531 et

399 1560 473 1606 qui
499 1558 711 1594 admittit.
737 1569 752 1591 »
777 1557 856 1592 Les
884 1557 999 1592 deux
1023 1565 1119 1592 sens
1146 1558 1246 1592 sont
1271 1555 1479 1600 possibles
1505 1555 1572 1590 ici.
1601 1555 1747 1590 L'idee
1774 1555 1826 1590 de
1851 1555 2041 1591 l'auteur

399 1621 464 1655 est
483 1628 566 1664 que
584 1618 626 1653 la
643 1617 856 1662 pauvrete
874 1619 939 1652 est
956 1626 1041 1652 une
1059 1614 1476 1651 recommandation.

482 1678 598 1714 XIII.
637 1678 673 1713 1.
705 1697 761 1701 -—
819 1677 959 1712 Mutes
991 1686 999 1711 z
1033 1687 1048 1710 «
1069 1685 1124 1711 on
1155 1676 1370 1720 change».
1404 1674 1472 1710 On
1502 1674 1585 1709 sait
1618 1683 1701 1719 que
1730 1674 1769 1709 le
1801 1674 1914 1719 subj.
1946 1674 2039 1720 (po-

396 1737 569 1782 tentiel)
593 1736 646 1772 de
669 1736 711 1771 13
735 1736 962 1772 deuxieme
985 1743 1095 1780 pers.
1121 1735 1228 1779 sing.
1254 1736 1320 1770 est
1343 1743 1403 1768 un
1427 1733 1500 1768 des
1525 1743 1704 1779 moyens
1733 1734 1842 1770 dont
1865 1734 2036 1779 dispose

396 1799 435 1833 le
459 1797 569 1833 latin
595 1805 705 1841 pour
730 1795 883 1830 rendre
908 1794 1034 1830 l’idee
1060 1794 1112 1829 de
1141 1805 1148 1829 :
1176 1804 1244 1837 on,
1272 1796 1315 1829 et
1341 1793 1432 1828 cela
1457 1793 1597 1828 meme
1624 1793 1731 1828 dans
1759 1793 1832 1829 des
1858 1794 2036 1838 phrases

398 1857 454 1893 ou
478 1857 566 1892 l'on
593 1854 865 1899 emploierait
892 1855 1139 1889 autrement
1165 1853 1325 1888 l’indic.
1352 1863 1361 1896 ;
1390 1852 1443 1887 cf.
1473 1852 1556 1888 Cic.
1589 1853 1651 1888 De
1682 1853 1777 1889 Sen.
1808 1852 1922 1888 XIX
1947 1853 2000 1889 69
2028 1863 2037 1888 :

399 1929 414 1951 (ι
436 1917 652 1952 Remanet
685 1914 803 1960 quod
834 1914 1000 1949 uirtute
1033 1915 1075 1948 et
1107 1915 1224 1948 recte
1255 1912 1384 1947 factis
1417 1914 1657 1948 consecutus
1689 1911 1762 1948 sis.
1788 1924 1803 1946 »
1835 1932 1891 1937 —
1950 1912 2035 1948 Si...

397 1976 507 2012 absit
533 1986 541 2010 ε
569 1984 624 2010 on
650 1973 932 2010 s’attendrait
959 1973 983 2008 a
1006 1973 1167 2007 l'indic.
1198 1983 1205 2006 :
1233 1972 1271 2007 si
1296 1972 1409 2007 abest
1434 1972 1693 2016 (correction
1720 1971 1772 2007 de
1800 1971 1960 2017 Gertz).
1985 1972 2038 2008 ,16

397 2035 527 2081 garde
558 2033 813 2069 neanmoins
844 2033 887 2068 13
918 2032 1039 2077 leeon
1073 2032 1130 2066 du
1162 2031 1402 2066 manuscrit
1434 2031 1486 2074 A,
1519 2040 1571 2066 en
1602 2031 1900 2076 rapprochant
1933 2040 2038 2067 avec

399 2096 453 2130 M.
484 2094 570 2130 Uhl
597 2093 780 2138 (Quaest.
810 2092 899 2127 crit.
931 2092 974 2127 in
1008 2091 1055 2126 L.
1089 2092 1203 2126 Ann.
1238 2091 1334 2126 Sen.
1378 2090 1492 2126 Dial.
1522 2099 1564 2135 p.
1594 2090 1665 2135 46)
1700 2093 1824 2126 notre
1857 2098 2037 2135 passage

397 2155 470 2190 des
499 2160 700 2198 passages
728 2152 941 2194 suivants‚
971 2151 1027 2186 ou
1056 2150 1252 2196 seneque
1279 2150 1462 2194 emploie
1489 2159 1642 2185 encore
1669 2149 2036 2194 irregulierement

395 2215 434 2250 16
468 2212 681 2258 potentiel
719 2221 727 2246 ;
765 2222 780 2244 «
802 2211 1007 2246 Nascitur
1043 2210 1263 2255 (laetitia),
1299 2210 1337 2245 si
1372 2209 1503 2244 modo
1537 2209 1654 2244 intra
1688 2211 1733 2245 te
1767 2209 1911 2253 ipsum
1946 2209 2038 2245 sit»

397 2273 500 2318 (Ερ.
520 2271 683 2307 XXIII
700 2270 765 2316 3);
783 2282 799 2304 (ι
821 2270 970 2314 Capax
986 2272 1052 2305 est
1068 2272 1216 2304 noster
1233 2269 1464 2312 animuS...,
1481 2268 1519 2304 si
1536 2268 1645 2304 uitia
1662 2277 1749 2303 non
1766 2268 2003 2313 deprimant
2023 2280 2037 2303 υ

397 2332 499 2378 (Ep.
518 2331 644 2367 XCII
658 2331 743 2375 30).
769 2330 830 2366 Cf.
848 2339 1001 2365 encore
1016 2329 1116 2364 Tac.
1138 2329 1241 2373 ΑΨ.
1259 2328 1351 2363 XII
1369 2339 1377 2363 z
1396 2340 1410 2361 «
1434 2328 1518 2372 Ipsi
1532 2328 1776 2363 Britanni...
1793 2328 2034 2364 iniuncta...

395 2400 577 2427 munera
607 2390 789 2435 impigre
823 2390 1002 2432 obeunt,
1036 2388 1074 2423 si
1107 2388 1289 2423 iniuriae
1323 2387 1515 2423 absint.»
1553 2407 1609 2412 —
1665 2386 1908 2433 Ignominia
1944 2397 1953 2422 :
1997 2387 2036 2423 le

396 2451 556 2487 second
576 2450 649 2485 des
679 2449 940 2484 incommoda
965 2448 1023 2482 du
1045 2448 1169 2492 chap.
1192 2447 1255 2482 VI
1278 2448 1314 2482 1.
1351 2446 1462 2493 Voy.
1492 2447 1648 2482 Introd.
1681 2448 1700 2492 ξ
1726 2447 1792 2482 25.
1824 2466 1880 2471 —
1933 2447 2033 2482 Vel:

396 2511 598 2546 «meme»
628 2509 681 2544 ci.
711 2509 794 2545 Cic.
829 2509 890 2544 De
920 2508 1023 2553 Rep.
1056 2504 1217 2549 11134,
1245 2506 1349 2542 46:«
1365 2505 1448 2542 Sed
1461 2508 1610 2542 tamen
1630 2506 1695 2541 uel
1709 2513 1890 2551 regnum
1905 2505 2034 2550 malo,

395 2579 529 2616 quam
567 2569 752 2604 liberum
787 2567 1012 2612 populum.
1038 2578 1053 2600 »
1080 2566 1135 2602 Ce
1162 2574 1258 2601 sens
1287 2568 1351 2601 est
1377 2575 1462 2601 une
1487 2565 1735 2601 restriction
1764 2565 1868 2600 d'un
1895 2567 2034 2609 autre,

396 2630 470 2675 qui
489 2638 542 2665 en
564 2630 630 2664 est
647 2630 748 2663 tout
766 2627 907 2663 voisin
924 2637 933 2661 :
955 2637 970 2660 (ι
984 2626 1023 2662 si
1042 2636 1140 2661 vous
1161 2626 1313 2669 voulez,
1333 2627 1472 2661 meme
1489 2636 1504 2659 »
1522 2625 1619 2670 (par
1637 2635 1702 2660 ex.
1722 2635 1730 2660 :
1753 2636 1768 2658 «
1785 2625 1865 2660 Per
1882 2634 1952 2660 me
1971 2625 2036 2660 uel

394 2691 555 2725 stertas
576 2687 677 2723 licet
690 2698 718 2730 »,
740 2686 823 2722 Cic.
852 2686 983 2721 Acad.
1005 2685 1122 2730 prior
1146 2685 1188 2720 II
1209 2685 1278 2728 29,
1301 2685 1384 2730 93).
1410 2684 1489 2720 Car
1511 2684 1576 2719 uel
1596 2687 1661 2720 est
1679 2684 1864 2720 l'ancien
1881 2684 2031 2728 imper.

395 2748 506 2793 pres.
536 2747 596 2793 (2e
632 2754 742 2791 pers.
774 2745 903 2790 sing.)
938 2745 991 2780 de
1026 2745 1133 2788 uolo,
1169 2754 1337 2780 comme
1361 2743 1478 2787 wohl,
1505 2753 1556 2779 en
1582 2743 1816 2787 allemand,
1842 2743 1950 2778 celui
1980 2743 2033 2778 de

395 2808 552 2844 wollen.
589 2807 679 2851 Aqe
708 2807 773 2840 est
801 2813 954 2840 encore
984 2813 1044 2839 un
1064 2804 1259 2848 exemple
1279 2803 1476 2848 d’imper.
1497 2803 1696 2849 employa
1714 2812 1881 2838 comme
1899 2803 2033 2847 parti-

395 2867 502 2902 cule.
525 2866 635 2912 Voy.
662 2864 869 2909 Lindsay‚
903 2863 985 2899 The
1008 2863 1137 2899 Latin
1161 2863 1385 2908 Ianyuaqe,
1409 2871 1482 2907 pp.
1509 2862 1704 2898 599-600.

482 2926 520 2961 2.
552 2945 609 2950 -—-
668 2924 797 2960 Hune
826 2933 835 2958 :
865 2922 918 2958 cf.
948 2922 1028 2966 hic,
1057 2923 1129 2968 qui
1157 2923 1245 2968 (IX
1274 2923 1329 2968 7).
1361 2942 1417 2947 —
1473 2921 1592 2957 Idem
1619 2922 1825 2957 aduersus
1852 2920 1992 2956 omnis
2022 2931 2030 2956 :

395 2987 511 3022 cette
535 2984 631 3020 idee
656 2985 722 3020 est
746 2983 786 3019 le
812 2982 1033 3018 corollaire
1059 2982 1231 3018 nature}
1257 2984 1301 3018 et
1327 2981 1498 3027 logique
1525 2981 1582 3016 du
1609 2980 1831 3025 paradoxa
1851 2979 2032 3017 stoicien
