2195 3345
383 242 441 287 54
688 256 731 286 L.
766 255 930 287 ANNAEI
966 257 1161 288 SENECAE
1193 258 1513 293 DIALOGORUM
1535 263 1629 294 LIB.
1655 264 1722 295 XII

384 376 434 416 et
467 373 515 416 in
551 375 640 418 hoc
672 375 885 418 omnium
919 376 1112 419 adiutus
1146 377 1330 433 ingenio
1365 379 1450 422 uix
1482 384 1643 423 tamen
1677 381 1875 430 inuenit,
1912 393 2029 437 quo-

301 475 309 481 .
383 444 524 487 modo
547 445 692 489 trium
714 446 1064 502 prouinciarum
1088 447 1323 492 tributum
1345 463 1439 493 una
1464 463 1576 493 cena
1599 451 1751 494 fieret.
1776 451 1816 495 O
1837 452 2029 494 misera-

383 514 515 566 biles,
545 529 743 572 quorum
772 517 987 573 palatum
1015 518 1103 561 nisi
1131 519 1190 562 ad
1219 521 1449 576 pretiosos
1477 522 1605 564 cibos
1632 535 1725 564 non
1752 522 1989 566 excitatur
2016 524 2026 566 ἱ

383 586 614 642 pretiosos
633 592 795 630 autem
817 600 911 631 non
931 589 1132 633 eximius
1154 603 1292 647 sapor
1312 596 1397 634 aut
1417 592 1575 649 aliqua
1598 593 1806 636 faucium
1828 593 2025 636 dulcedo

383 658 462 702 sed
484 658 653 701 raritas
670 662 719 701 et
739 659 1000 703 difficultas
1019 662 1218 717 parandi
1239 663 1369 705 facit.
1388 663 1592 720 Alioqui,
1615 664 1651 706 si
1671 665 1731 706 ad
1753 676 1917 707 sanam
1937 664 2028 706 illis

382 732 591 772 mentem
620 729 807 785 placcat
834 732 1021 782 reuerti,
1053 733 1164 788 quid
1193 746 1312 790 opus
1339 737 1412 776 est
1439 738 1514 777 tot
1540 735 1723 778 artibus
1751 735 1906 778 uentri
1934 748 2027 778 ser·

382 799 624 842 uientihus
659 800 683 842 ‘2
732 802 843 858 quid
889 804 1167 847 mercaturis
1203 804 1226 847 ⁶?
1279 803 1390 861 quid
1435 806 1704 848 uastatione
1750 807 1975 849 siluarum
2003 805 2028 849 ‘2

461 960 503 992 N.
526 960 561 992 C.
586 978 620 982 —
646 960 681 992 X
699 962 732 992 4.
760 958 894 995 tributii
924 964 984 1001 A;
1012 964 1143 995 tributo
1169 963 1263 995 coni.
1294 964 1527 1004 Wesenberg.
1558 983 1596 987 —
1629 965 1664 996 X
1682 965 1714 997 5.
1741 966 1840 1005 sauci
1863 966 1894 996 A
1914 975 1923 1003 ;
1945 966 2025 1006 sau-

385 1015 480 1044 cium
502 1022 593 1046 corr.
618 1021 677 1053 ug.
701 1033 741 1037 -
772 1016 826 1046 illi
853 1017 884 1047 A
905 1026 913 1055 ;
943 1017 1015 1048 illis
1043 1024 1101 1056 ug.
1126 1035 1166 1039 ——
1190 1018 1282 1057 quod
1299 1020 1474 1049 mereatur
1494 1019 1523 1049 is
1542 1019 1597 1056 A;
1627 1019 1713 1059 quid
1735 1019 1941 1050 mercaturis
1965 1025 2025 1057 ug.

384 1066 470 1098 inde
489 1067 536 1098 ab
555 1067 722 1100 Erasmo.

383 1220 457 1254 tus
478 1227 643 1254 nouum
665 1219 918 1255 balnearum
939 1230 1081 1263 usum,
1102 1221 1480 1265 portentosissima
1501 1230 1655 1267 genera
1677 1221 1871 1257 ciborum
1892 1222 2026 1266 atque

386 1287 635 1321 caenatum,
670 1280 713 1313 ut
744 1279 894 1314 calidis
925 1280 1177 1326 fridiqisque
1210 1282 1435 1326 unquentis
1467 1282 1693 1323 Iauaretur,
1721 1280 2027 1327 pretiosissima

386 1337 618 1383 maryarita
641 1339 750 1374 aceto
771 1338 993 1384 liquefacta
1014 1340 1204 1382 sorberet,
1227 1341 1423 1377 conuiuis
1445 1351 1493 1376 ex
1515 1351 1616 1377 auro
1638 1351 1768 1386 panes
1790 1342 1826 1377 et
1851 1340 2026 1376 obsonia

387 1399 657 1443 apponeret...
701 1397 812 1442 Quin
850 1401 893 1434 et
930 1408 1131 1434 nummos
1169 1409 1255 1435 non
1293 1400 1520 1436 mediocris
1559 1410 1755 1435 summae
1793 1410 1814 1435 e
1850 1399 2025 1445 fastigio

386 1456 588 1492 basilicae
624 1456 757 1492 Iuliae
787 1467 863 1501 pel·
894 1457 1061 1503 aliquot
1093 1458 1181 1494 dies
1214 1459 1373 1504 sparsit
1404 1459 1448 1494 in
1479 1459 1664 1504 plebem.
1699 1458 1951 1494 Fabricauit
1982 1461 2026 1494 et

389 1516 548 1552 deceris
568 1516 821 1552 Liburnicas
841 1518 1056 1562 qemmatis
1073 1519 1295 1564 puppibus
1319 1530 1347 1562 »‚
1366 1522 1447 1555 etc.
1467 1519 1758 1554 Trimalchion
1774 1528 1827 1553 ne
1845 1518 2028 1562 pouvait

388 1576 494 1611 faire
516 1575 663 1611 mieux
687 1577 695 1611 1
721 1576 989 1621 Cependant,
1011 1578 1040 1612 il
1063 1580 1128 1614 est
1152 1578 1328 1614 evident
1351 1578 1480 1624 qu'ici
1503 1578 1711 1624 Seneque,
1734 1577 1930 1623 einporte
1949 1586 2029 1622 par

387 1636 430 1670 la
459 1636 586 1671 haine
616 1638 659 1671 et
688 1636 730 1671 la
759 1636 1066 1681 declamation,
1097 1638 1290 1682 exagere.
1321 1659 1375 1662 -—
1431 1638 1579 1673 Trium
1607 1637 1928 1683 prouinciarum
1954 1637 2028 1672 tri-

388 1696 542 1731 butum
565 1705 573 1730 ε
597 1695 796 1731 nouvelle
819 1696 1110 1741 exageration.
1142 1697 1197 1732 M.
1224 1697 1331 1732 Duff
1352 1698 1542 1742 rappelle
1565 1707 1647 1742 que
1671 1697 1810 1740 Cesar,
1834 1706 1886 1732 en
1908 1703 2030 1741 orga-

389 1755 536 1790 nisant
566 1755 608 1790 la
642 1755 776 1791 Gaule
809 1765 860 1790 en
892 1756 1111 1800 province,
1144 1757 1203 1791 lui
1234 1756 1402 1801 imposa
1433 1767 1492 1791 un
1526 1757 1671 1792 tribut
1703 1756 1860 1791 annuel
1892 1755 1944 1791 de
1976 1755 2028 1791 40

390 1814 576 1850 millions
604 1815 655 1850 de
680 1817 903 1858 sesterces,
929 1817 971 1850 et
997 1825 1079 1860 que
1105 1826 1150 1850 ce
1175 1816 1314 1851 tribut
1338 1816 1493 1852 n'etait
1517 1825 1593 1861 pas
1619 1815 1838 1851 considere
1863 1824 2029 1850 comme

389 1873 519 1909 eleve.

480 1934 518 1969 5.
551 1954 606 1958 —
664 1934 864 1969 Palmum
891 1945 898 1969 ς
928 1935 1135 1979 «appetit
1159 1946 1185 1970 ».
1218 1955 1273 1959 —
1331 1936 1396 1971 Ad
1420 1935 1624 1980 pretiosos
1649 1935 1763 1970 cibos
1791 1945 1798 1969 :
1826 1934 1879 1969 ad
1905 1944 1913 1969 :
1940 1942 2028 1969 «en

390 1993 595 2037 presence
616 1993 682 2037 de,
702 2002 780 2038 par
797 1994 910 2029 suite
928 1994 980 2029 de
1004 2006 1032 2037 »‚
1053 1994 1105 2029 cf.
1128 1995 1351 2030 Tite-Live
1370 1995 1457 2040 (IX
1474 1995 1542 2038 22,
1562 1995 1603 2039 7)
1625 2005 1632 2029 :
1657 1994 1724 2030 Ad
1742 1993 1861 2029 ducis
1880 2002 2027 2028 casum

388 2053 588 2098 perculsa
618 2053 754 2098 magis
788 2062 919 2098 quam
950 2054 1122 2090 irritata
1154 2056 1219 2089 cst
1250 2054 1502 2090 multitudo.
1528 2065 1542 2088 »
1573 2054 1766 2099 seneque
1797 2053 1906 2088 offre
1935 2052 2030 2097 plu-

390 2113 523 2148 sieurs
554 2112 770 2157 exemples
800 2113 852 2148 de
880 2123 926 2148 ce
954 2121 1075 2149 sens:
1107 2125 1121 2147 «
1145 2114 1257 2158 Quid
1285 2114 1413 2149 miser
1440 2113 1688 2158 expauescis
1718 2113 1770 2148 ad
1797 2112 2029 2148 clamorem

391 2172 503 2207 serui
528 2183 542 2206 »
572 2172 656 2216 (De
693 2172 766 2207 Ira
801 2172 867 2207 III
899 2172 965 2216 35,
997 2173 1054 2217 3),
1086 2175 1262 2209 surtout
1293 2183 1397 2209 avec
1428 2173 1500 2208 des
1530 2173 1681 2208 verbes
1713 2171 1959 2216 exprimant
1988 2171 2030 2206 la

390 2231 568 2274 crainte‚
591 2231 661 2276 (cf.
687 2240 837 2266 encore
863 2232 930 2266 Ad
953 2232 1097 2277 Polyb.
1122 2232 1238 2267 XIII
1260 2233 1304 2275 43
1323 2233 1383 2268 De
1407 2232 1531 2268 Clem.
1558 2232 1575 2267 Ι
1598 2233 1635 2275 7,
1658 2231 1702 2273 3;
1720 2231 1800 2277 Ep.
1825 2230 1922 2266 LVI
1944 2230 2030 2275 13.)
2058 2251 2071 2257 υ

390 2291 500 2336 Voy.
523 2291 618 2335 plus
640 2291 718 2326 bas
738 2291 915 2335 (XVIII
936 2292 978 2336 4)
997 2301 1056 2326 un
1078 2295 1202 2327 autre
1222 2292 1416 2337 exemple
1435 2292 1487 2327 de
1506 2292 1572 2335 ad,
1594 2291 1667 2336 qui
1696 2293 1759 2326 cst
1788 2290 1887 2335 deja
1905 2292 2030 2326 notre

390 2351 415 2385 ἀ
439 2350 640 2395 francaiS,
669 2352 711 2386 et
726 2350 780 2386 cf.
805 2350 853 2385 E.
877 2350 1091 2394 Lofstedt,
1116 2351 1442 2396 Philoloqischer
1465 2350 1739 2386 Kommentar
1752 2360 1826 2385 zur
1842 2349 2030 2394 Pereqri-

390 2409 506 2445 natio
538 2409 768 2453 Aetheriae,
796 2419 837 2454 p.
866 2410 946 2445 244
972 2409 1043 2456 (au
1071 2410 1177 2456 bas).
1208 2411 1273 2447 On
1301 2413 1496 2455 pressent
1515 2410 1569 2445 ici
1593 2410 1630 2446 le
1645 2409 1862 2445 caractere
1878 2408 2028 2454 analy-

388 2469 512 2515 tique
529 2470 586 2504 du
603 2470 678 2506 bas
693 2470 801 2506 latin
819 2478 862 2505 se
879 2469 1140 2506 continuant
1156 2471 1262 2505 dans
1278 2470 1337 2505 les
1352 2470 1528 2515 langues
1544 2479 1756 2504 romanes.
1769 2488 1816 2493 —
1830 2468 2001 2514 Alioqui
2019 2477 2027 2502 :

394 2531 462 2565 cet
503 2529 619 2573 adv„
660 2530 746 2575 qui,
781 2530 899 2565 selon
926 2532 1050 2565 toute
1081 2530 1437 2572 vraisemblance,
1471 2531 1535 2564 est
1567 2529 1682 2564 l'abl.
1720 2528 1771 2563 de
1792 2527 1910 2563 aliud
1929 2527 2031 2573 quid

395 2598 563 2624 comme
592 2590 791 2634 ceteroqui
819 2589 927 2625 celui
956 2589 1008 2624 de
1035 2591 1210 2624 ceterum
1238 2590 1352 2634 quid,
1383 2599 1406 2624 a
1435 2589 1549 2624 deux
1575 2598 1670 2623 sens
1701 2599 1709 2622 :
1740 2599 1755 2622 «
1777 2586 1992 2622 d'ailleurs
2016 2597 2031 2619 »

393 2651 436 2684 et
460 2668 515 2673 —
536 2658 703 2684 comme
723 2648 776 2683 ici
796 2668 851 2673 -—
871 2661 886 2682 <‹
909 2651 1172 2692 autrement,
1193 2649 1358 2684 sinon».
1385 2649 1418 2683 Il
1438 2658 1481 2683 se
1501 2649 1728 2684 rencontre
1747 2656 1856 2691 pour
1875 2646 1918 2681 la
1935 2655 2030 2690 pre-

392 2707 523 2743 miere
546 2707 627 2743 fois
651 2708 752 2743 chez
776 2708 960 2743 Lucrece
983 2708 1071 2753 (ΙΙΙ
1095 2708 1216 2753 415);
1240 2717 1338 2743 sous
1362 2707 1582 2752 l'Empire,
1606 2707 1634 2742 il
1658 2709 1722 2742 est
1744 2706 1848 2741 d’un
1872 2704 2030 2750 emploi

399 2768 715 2803 extremement
742 2767 959 2812 frequent,
989 2768 1042 2802 cf.
1073 2769 1193 2803 entre
1221 2770 1365 2803 autres
1394 2767 1601 2811 Seneque,
1635 2766 1697 2801 De
1726 2766 1798 2800 Ira
1829 2765 1846 2800 I
1876 2764 1942 2808 14,
1971 2763 1994 2799 2
2019 2774 2028 2806 ;

399 2827 461 2862 De
493 2827 595 2862 Ben.
631 2827 648 2862 I
679 2827 745 2870 15,
775 2826 798 2862 6
824 2837 833 2870 ;
866 2827 946 2871 Ερ.
977 2827 1015 2862 V
1044 2827 1083 2870 3,
1114 2827 1329 2862 LXXVII
1359 2827 1398 2870 7,
1428 2825 1668 2861 LXXVIII
1697 2825 1754 2868 43
1786 2823 2023 2869 Quintilien

397 2886 439 2921 II
462 2887 500 2930 9,
523 2887 567 2929 ὃς
584 2886 625 2921 X
643 2887 679 2930 1,
703 2886 767 2922 64.
788 2886 934 2930 Quant
957 2886 979 2921 a
1001 2886 1042 2920 la
1062 2886 1199 2921 forme
1221 2886 1424 2931 alioquin,
1441 2895 1541 2931 voy.
1566 2884 1732 2927 walde,
1754 2884 1844 2919 Lat.
1867 2882 2028 2928 etymol.

405 2946 681 2989 Wo'rterbuclz,
700 2954 741 2990 p.
761 2945 813 2981 26
835 2956 842 2980 :
864 2957 879 2977 «
902 2946 980 2980 Die
1000 2945 1127 2980 Form
1147 2945 1334 2991 alioquin
1354 2945 1509 2980 beruht
1527 2945 1604 2981 wie
1622 2943 1865 2989 ceteroquin,
1884 2942 2031 2988 atquin
