2154 3377
351 219 413 251 Ao
448 217 665 252 nervum
701 217 903 251 MATREM
940 218 1000 250 DE
1033 217 1414 255 conmunione,
1452 217 1616 250 xix-xx
1723 204 1805 250 107

178 337 363 387 referre,
399 336 525 394 quod
560 335 735 386 doleat,
772 335 960 393 qualem
996 348 1069 379 me
1105 335 1281 392 cogites
1315 335 1473 392 accipe
1513 349 1522 378 :
1561 335 1735 378 laetum
1770 339 1819 378 et

176 407 379 452 alacrem
424 408 556 452 uelut
584 407 779 464 optimis
822 406 976 450 rebus.
1012 406 1132 450 Sunt
1172 407 1297 450 enim
1341 406 1566 463 optimae,
1595 406 1817 461 quoniam

175 479 363 522 animus
382 479 537 522 omnis
556 478 882 535 occupationis
901 491 1068 534 expers
1088 477 1309 535 operibus
1329 477 1425 521 suis
1446 480 1590 520 uacat
1608 481 1658 520 et
1679 477 1818 520 modo

175 562 222 591 se
256 549 510 594 leuioribus
539 549 710 593 studiis
739 548 966 599 oblectat,
998 549 1138 592 modo
1170 548 1230 592 ad
1263 547 1652 592 considerandam
1685 560 1817 591 suam

176 620 476 677 uniuersique
516 623 738 664 naturam
783 621 881 664 ueri
931 620 1102 664 auidus
1145 620 1361 676 insurgit.
1400 619 1567 663 Terras
1614 619 1817 676 primum

173 691 413 749 situmque
433 704 595 736 earum
615 691 802 749 quaerit
826 706 837 742 ;
855 691 1024 735 deinde
1045 691 1368 735 condicionem
1388 690 1657 734 circumfusi
1678 690 1820 733 maris

175 775 430 820 cursusque
449 763 549 808 eius
566 763 775 807 alternos
793 766 843 807 et
861 775 1090 813 recursuS‚
1110 766 1226 806 tunc
1245 761 1476 819 quidquid
1496 762 1618 805 inter
1637 761 1816 804 caelum

256 895 297 928 N.
318 895 355 929 C.
379 911 414 918 -
439 895 514 928 XX
535 897 565 928 1.
589 896 678 928 dolel
702 903 796 928 unus
824 895 856 927 D
878 912 912 918 —
935 895 1071 937 optima
1095 895 1149 934 A;
1172 895 1328 936 optimae
1349 901 1408 935 ug.
1432 911 1465 918 -
1491 894 1565 926 XX
1583 893 1616 926 2.
1638 901 1759 926 earum
1774 895 1820 926 A·

178 950 212 989 (e
232 957 278 982 ex
297 958 316 981 c
336 950 458 990 cortu).
481 966 516 974 -
549 951 634 982 lunc
656 951 687 982 A
707 958 716 988 ;
740 951 814 982 tum
845 949 950 982 malit
975 948 1068 981 Duri

180 1060 401 1101 uacan1»;
431 1058 484 1094 cf.
516 1067 573 1093 un
602 1060 726 1094 autre
754 1067 851 1094 sens
881 1068 889 1093 ε
923 1056 1077 1094 XVIII
1106 1056 1145 1093 2.
1190 1076 1244 1082 -—-
1271 1055 1477 1102 operibus
1514 1072 1551 1086 =
1584 1058 1729 1093 toutes
1758 1056 1815 1092 les

178 1118 461 1163 occupations
484 1116 826 1162 intellectuelles,
852 1117 960 1153 mais
983 1119 1157 1153 surtout
1181 1116 1221 1152 la
1244 1116 1527 1162 philosophie.
1557 1136 1610 1141 —
1669 1115 1816 1152 Lemo-

182 1177 297 1213 ribus
329 1177 480 1214 studiis
508 1187 516 1212 ι
547 1185 646 1223 voy.
679 1176 834 1213 Introd.
870 1185 910 1221 p.
941 1176 1084 1220 XXV,
1111 1178 1169 1220 et,
1196 1184 1306 1220 pour
1334 1175 1612 1221 l'expression
1649 1184 1815 1211 comme

181 1245 290 1281 pour
325 1236 464 1280 l'idee‚
504 1236 556 1272 cf.
601 1235 668 1272 Ad
702 1235 845 1282 Polyb.
874 1235 985 1272 VIII
1020 1236 1079 1272 3:
1119 1247 1134 1269 a
1157 1234 1345 1271 Difficile
1381 1237 1508 1280 est...‚
1536 1237 1584 1270 ut
1618 1234 1674 1271 ad
1711 1235 1815 1271 haec

178 1295 382 1332 hilariora
404 1295 546 1332 studia
567 1297 660 1331 tam
694 1295 977 1332 uehementer
1001 1294 1221 1340 perculsus
1255 1295 1424 1331 animus
1445 1298 1538 1331 tam
1564 1295 1651 1330 cito
1680 1295 1814 1339 possit

179 1355 412 1391 accedere:
450 1354 522 1391 hoe
561 1357 697 1390 tamen
735 1357 1027 1400 aryumenium
1065 1353 1209 1390 habeto
1248 1355 1332 1390 iam
1369 1354 1618 1390 corroborati
1655 1354 1746 1390 eius
1782 1356 1816 1389 et

177 1414 330 1451 redditi
352 1414 452 1459 sibi,
475 1415 513 1450 si
536 1414 683 1460 poterii
707 1424 732 1450 α
756 1414 1037 1450 secretioribus
1060 1414 1229 1461 scriptis
1256 1414 1309 1450 ad
1335 1413 1432 1450 haec
1454 1414 1656 1450 solutiora
1678 1423 1815 1460 proce—

178 1474 282 1510 dere.
308 1487 323 1509 ι
345 1493 400 1499 -
459 1474 629 1511 Modo...
665 1474 821 1510 modo:
854 1482 953 1519 voy.
986 1473 1027 1509 la
1058 1482 1130 1509 sur
1159 1483 1316 1509 nunc...
1349 1483 1462 1509 nunc
1481 1473 1656 1519 (XVIII
1682 1473 1738 1518 8).
1763 1492 1814 1497 -—

180 1533 311 1570 Suam
332 1534 443 1578 (s.-e.
467 1534 682 1579 naturum)
704 1542 718 1567 .·
739 1542 812 1569 sur
833 1532 873 1569 la
896 1535 1050 1569 nature
1080 1533 1132 1569 de
1161 1532 1303 1577 l'ame,
1326 1541 1425 1580 voy.
1449 1532 1510 1568 VI
1534 1533 1556 1568 7
1578 1535 1620 1569 et
1642 1532 1679 1568 le
1701 1542 1815 1568 com—

179 1593 403 1629 mentaire.
438 1593 469 1629 11
496 1596 562 1630 est
592 1592 800 1638 probable
831 1592 1033 1639 qu'outre
1063 1594 1178 1629 cette
1208 1593 1425 1639 question,
1448 1592 1643 1638 Seneque
1670 1592 1815 1628 etudie

176 1653 236 1688 les
258 1655 403 1689 autres
419 1661 503 1698 que
528 1652 702 1689 souleve
723 1651 972 1688 l’existence
999 1651 1051 1688 de
1076 1651 1231 1696 l’ame3
1252 1652 1306 1688 ci.
1329 1652 1409 1698 Ep.
1428 1651 1715 1688 LXXXVIII
1735 1652 1786 1687 34
1805 1663 1813 1687 :

180 1724 195 1746 «
222 1711 561 1748 Innumerabiles
589 1711 864 1758 quaestiones
891 1714 994 1748 sunt
1021 1711 1073 1748 de
1108 1711 1298 1748 animo...
1334 1711 1449 1748 unde
1484 1712 1555 1755 sit,
1583 1711 1721 1758 qualis
1743 1712 1814 1754 sit,

179 1771 357 1817 quando
383 1781 474 1808 esse
500 1771 696 1817 incipiat,
726 1770 936 1818 quamdiu
964 1771 1019 1808 sit
1045 1782 1055 1815 3
1084 1771 1258 1808 aliunde
1284 1771 1368 1807 alio
1394 1773 1590 1807 transeat
1617 1773 1659 1807 et
1678 1771 1815 1806 domi-

178 1831 275 1867 cilia
300 1833 486 1868 mutet...
513 1840 567 1867 an
592 1839 678 1867 non
703 1830 888 1876 amplius
910 1839 1042 1877 quam
1066 1831 1198 1867 semel
1221 1831 1427 1868 seruiat...
1454 1842 1464 1874 ;
1488 1834 1635 1867 utrum
1660 1839 1814 1876 corpus

178 1891 235 1927 sit
261 1899 316 1926 an
343 1900 428 1927 non
455 1891 510 1927 sit
535 1901 546 1934 ;
572 1890 677 1936 quid
702 1890 758 1926 sit
785 1890 1043 1934 facturus...,
1071 1890 1291 1937 quomodo
1317 1890 1520 1927 libertate
1545 1899 1623 1926 sua
1645 1899 1814 1932 usurus,

179 1959 277 1986 cum
303 1960 356 1987 ex
377 1950 457 1986 hac
481 1950 684 1996 effugerit
708 1958 855 1986 cauea.
880 1962 895 1985 »
924 1969 980 1975 —
1034 1949 1230 1987 Vniuersi
1255 1954 1484 1987 naturam:
1511 1959 1583 1985 sur
1609 1950 1814 1993 uniuersi,

178 2010 232 2046 ci.
261 2009 321 2046 VI
350 2010 388 2046 7.
413 2030 467 2036 ‹-
526 2009 644 2046 Nous
670 2018 806 2046 avons
834 2018 891 2046 vu
914 2008 986 2055 (cf.
1011 2009 1122 2046 VIII
1147 2009 1172 2046 6
1198 2012 1241 2046 et
1265 2009 1302 2046 le
1325 2010 1654 2055 commentaire)
1675 2009 1814 2056 quelle

179 2069 441 2106 admiration
459 2069 654 2115 Seneque
670 2078 695 2105 a
711 2077 820 2115 pour
836 2069 1041 2105 l'univers
1058 2071 1101 2105 et
1118 2069 1176 2105 les
1194 2069 1432 2106 merveilles
1449 2069 1553 2116 qu’il
1571 2069 1780 2106 renferme
1804 2080 1814 2112 ;

179 2129 232 2165 cf.
261 2138 415 2166 encore
445 2129 542 2166 Nat.
573 2128 736 2174 Quaest.
767 2128 827 2164 VI
856 2129 895 2172 4,
923 2128 948 2164 2
977 2138 985 2164 :
1015 2140 1031 2163 «
1054 2128 1249 2176 Neque...
1279 2130 1515 2176 quicquam
1542 2129 1675 2165 habet
1701 2129 1743 2165 in
1771 2138 1814 2165 se

179 2188 305 2225 huius
330 2188 538 2225 materiae
562 2188 771 2225 tractatio
795 2187 1031 2234 pulchrius,
1056 2197 1157 2225 cum
1181 2188 1322 2226 multa
1345 2189 1506 2225 habeat
1530 2188 1680 2225 sutura
1703 2189 1813 2231 usui,

179 2257 312 2294 quam
344 2248 463 2295 quod
495 2248 714 2284 hominem
746 2247 1074 2293 magnificentia
1104 2248 1170 2284 sui
1204 2248 1371 2285 detinet
1404 2258 1481 2285 nec
1513 2248 1708 2284 mercede
1739 2248 1813 2284 sed

179 2307 386 2344 miraculo
413 2307 568 2344 colitur
591 2319 618 2343 ».
649 2307 763 2344 C’est
789 2307 1107 2352 l'afiirmation,
1134 2317 1189 2344 on
1216 2308 1254 2344 le
1281 2308 1388 2352 voit,
1416 2308 1473 2344 du
1500 2308 1717 2345 caractere
1743 2308 1814 2343 de-

178 2367 407 2404 sinteresse
429 2366 482 2403 de
503 2367 545 2403 la
565 2367 745 2404 science.
769 2365 1007 2411 Toutefois‚
1031 2367 1064 2403 si
1088 2367 1196 2403 dans
1218 2375 1296 2404 son
1320 2367 1403 2404 exil
1427 2367 1621 2414 Seneque
1643 2376 1686 2403 se
1708 2367 1814 2403 livre

179 2428 203 2462 a
229 2426 303 2463 des
329 2426 480 2463 etudes
506 2426 817 2472 scientifiques,
843 2426 950 2462 c’est
975 2429 1112 2463 avant
1136 2429 1236 2464 tout
1261 2435 1371 2473 pour
1395 2435 1438 2463 se
1464 2427 1687 2470 distraire;
1712 2434 1811 2472 voy.

183 2485 340 2522 Introd.
370 2495 411 2532 p.
444 2485 586 2522 XXV.
618 2505 672 2510 —-
728 2485 823 2521 Veri
865 2485 1019 2522 auidus
1050 2496 1059 2522 :
1104 2497 1120 2521 α
1142 2486 1312 2523 Natura
1353 2486 1466 2523 inest
1507 2487 1551 2522 in
1593 2486 1811 2522 mentibus

180 2545 337 2582 nostris
373 2545 633 2583 insatiabilis
669 2544 871 2591 quaedam
902 2545 1116 2592 cupiditas
1153 2546 1242 2583 ueri
1282 2545 1508 2583 uidendi.»
1540 2545 1643 2592 (Cic.
1692 2545 1811 2581 Tusc.

184 2605 201 2641 Ι
234 2605 301 2650 19,
332 2605 420 2651 44.)

267 2664 306 2701 2.
338 2684 392 2690 —-
453 2663 754 2701 Condicionem
797 2673 806 2698 ε
851 2674 865 2697 α
886 2663 961 2700 the
1003 2663 1104 2701 laws
1148 2664 1286 2702 which
1327 2672 1489 2712 govern
1513 2677 1528 2701 »
1569 2664 1727 2710 (Duff).
1761 2683 1812 2689 ——

184 2724 340 2761 Cursus
369 2724 557 2761 alternos
585 2728 628 2760 ct
656 2731 846 2760 recessus
878 2732 887 2757 τ
920 2723 1095 2760 Ciceron
1125 2724 1210 2770 (De
1245 2724 1397 2761 Diuin.
1434 2724 1476 2761 11
1509 2726 1573 2768 14,
1603 2723 1675 2770 34)
1705 2723 1769 2760 dit
1802 2734 1810 2758 ;

181 2793 398 2820 «accessus
415 2785 451 2819 el
470 2793 651 2819 recessus
672 2784 862 2818 aestuum
879 2793 894 2816 n
928 2795 977 2814 =
1013 2782 1136 2820 «flux
1158 2786 1202 2820 et
1225 2783 1365 2820 reflux
1381 2796 1408 2820 υ.
1433 2803 1487 2810 -—
1535 2784 1653 2820 Tunc
1676 2794 1684 2818 :
1711 2792 1810 2829 voy.

178 2842 225 2878 N.
256 2843 297 2879 C.
325 2843 439 2879 C'est
464 2845 551 2879 ium
575 2842 707 2888 qu'on
732 2840 915 2886 emploie
941 2841 1048 2878 dans
1073 2851 1157 2878 une
1182 2842 1498 2887 enumeration,
1523 2845 1565 2879 et
1591 2851 1675 2878 non
1701 2844 1810 2878 tunc.

182 2903 311 2939 Gertz
335 2902 508 2939 renvoie
532 2902 556 2938 a
586 2902 647 2938 De
681 2900 760 2937 vit.
789 2899 839 2935 Β.
870 2900 936 2936 ΙΙΙ
959 2900 984 2937 3
1009 2903 1044 2947 (α
1065 2901 1202 2938 Beata
1226 2905 1290 2938 est
1313 2910 1413 2948 ergo
1437 2903 1528 2938 uita
1553 2902 1810 2938 conueniens

181 2964 426 3006 naturae...,
458 2961 605 2998 deinde
636 2958 758 2996 tortis
791 2967 841 2995 ac
868 2961 1115 3004 uehemens,
1137 2963 1234 2997 tunc
1266 2961 1549 3006 pulcherrime
1581 2962 1811 3006 patiens...‚

1709 3060 1743 3088 12
