2195 3345
408 261 495 308 108
700 274 743 307 L.
779 274 943 308 ANNAEI
977 275 1171 308 SENECAE
1201 276 1520 310 DIALOGORUM
1552 277 1646 310 LIB.
1682 278 1751 311 ΧΠ

404 397 646 451 terrasque
678 394 870 451 plenum
901 393 1166 437 formidinis
1196 395 1446 440 interiacet
1473 396 1701 454 perspicit
1729 400 1779 440 et
1810 397 1899 441 hoc
1928 399 2053 442 toni-

403 464 571 516 tribus,
603 465 897 516 fulminibuS,
929 469 1182 509 uentorum
1215 466 1413 511 flatibus
1443 480 1501 511 33
1531 467 1801 511 nimborum
1834 469 2050 526 niuisque

401 539 452 579 et
489 537 732 593 grandinis
772 536 902 580 iactu
949 537 1299 581 tumultuosum
1347 539 1594 595 spatium;
1642 542 1745 582 tum
1787 542 2050 597 peragratis

469 665 511 697 N.
533 665 568 698 C.
600 682 635 687 —-
683 664 758 697 XX
773 664 806 697 2.
832 665 1002 717 perspicit
1022 667 1052 697 et
1071 667 1188 698 octone
1205 666 1297 705 trib3
1319 668 1362 698 A¹
1382 667 1420 699 in
1435 676 1505 699 ras.
1526 677 1536 707 ;
1556 669 1618 700 1103
1637 668 1828 701 tonitribus
1847 677 1938 702 corr.
1958 676 2017 709 ug.
2036 678 2045 708 ;

401 721 431 750 et
448 718 546 751 tollit
568 718 787 758 Wesenberg
812 736 846 741 —
873 720 965 751 iactu
987 720 1246 753 tumultuosum
1273 722 1303 753 A
1329 722 1418 760 (tum
1440 730 1487 753 m.
1507 723 1538 754 1.
1556 722 1593 754 in
1618 731 1689 755 ras.
1718 731 1784 763 pro
1808 724 1922 764 mut);
1949 724 2043 754 iactu

400 773 655 804 tumultuosum
674 779 733 811 ug.

397 890 485 923 tum
516 886 688 923 illarum
721 895 863 923 rerum
898 897 1009 933 quae
1042 888 1181 924 uitam
1214 889 1439 925 instruunt
1472 889 1698 935 diligens...
1725 891 1771 936 »),
1807 891 1862 927 ou
1894 891 1923 927 il
1956 891 2039 928 fait

397 948 512 983 cette
539 955 767 992 remarque
795 957 803 982 z
834 958 848 981 «
880 947 995 983 Tunc
1021 948 1242 984 interdum
1271 948 1431 984 Seneca
1459 948 1707 985 adhibuisse
1734 950 1923 994 uidetur,
1951 959 2037 986 non

395 1008 445 1042 ut
470 1015 633 1041 nouum
659 1006 904 1042 membrum
929 1007 1137 1043 orationis
1163 1008 1402 1052 induceret,
1427 1008 1503 1044 sed
1527 1011 1697 1053 partem
1723 1009 1812 1045 eius
1838 1010 2036 1054 membri,

395 1065 512 1111 quod
536 1075 560 1100 a
584 1065 732 1101 deinde
754 1066 922 1111 incipit,
946 1069 996 1103 ut
1020 1067 1089 1102 1113
1114 1067 1329 1112 patientia
1352 1076 1450 1112 pars
1475 1068 1746 1104 tortitudinis
1770 1071 1849 1105 est.
1875 1080 1890 1103 »
1914 1069 2037 1106 Cette

393 1134 621 1171 remarque
644 1134 696 1161 ne
718 1135 786 1161 me
807 1127 1020 1162 convainc
1042 1136 1119 1171 pas
1140 1129 1240 1163 tout
1263 1127 1287 1163 3
1308 1126 1389 1163 fait
1413 1137 1421 1162 :
1444 1127 1473 1163 il
1495 1128 1657 1163 semble
1681 1128 1794 1173 bien,
1817 1128 1874 1164 du
1896 1129 2035 1165 moins

393 1185 501 1220 dans
520 1187 645 1221 notre
662 1193 858 1230 passage,
871 1194 954 1231 que
972 1188 1070 1221 tunc
1085 1186 1327 1222 introduise
1343 1196 1401 1221 un
1419 1187 1612 1222 membre
1629 1187 1681 1223 de
1699 1187 1855 1232 phrase
1872 1188 1946 1234 qui
1964 1188 2035 1224 n’a

391 1245 481 1280 rien
510 1245 533 1280 a
560 1244 667 1280 faire
695 1254 800 1280 avec
827 1245 936 1281 celui
964 1246 1038 1291 qui
1066 1255 1314 1282 eommence
1342 1255 1420 1291 par
1447 1246 1594 1282 deinde
1622 1255 1635 1281 .·
1666 1246 1860 1293 seneque
1888 1247 2035 1283 etudie

390 1304 562 1340 ct'abord
592 1304 635 1339 la
665 1306 794 1348 terre,
827 1305 927 1350 pais
958 1305 999 1340 13
1032 1315 1136 1349 11131,
1170 1306 1330 1342 ensuite
1362 1305 1671 1351 l’atmosphere
1704 1309 1747 1342 et
1778 1307 1837 1342 les
1870 1307 2034 1352 pheno-

389 1364 535 1399 11131135
565 1363 673 1400 dont
703 1363 781 1399 elle
811 1366 876 1400 est
905 1364 943 1400 le
973 1365 1159 1401 theatre.
1192 1385 1246 1390 —-
1307 1365 1484 1401 Summa
1515 1376 1524 1401 ;
1555 1365 1723 1410 l'ether,
1754 1366 1901 1412 region
1931 1367 2029 1403 bien

389 1423 619 1459 differente
650 1423 702 1459 de
732 1423 774 1458 13
803 1424 1061 1468 precedente
1093 1435 1102 1460 z
1135 1436 1150 1459 «
1174 1424 1277 1461 Pars
1308 1425 1502 1469 superior
1532 1425 1684 1460 mundi
1715 1427 1758 1462 et
1788 1425 2032 1462 ordinatior

388 1493 438 1518 ae
464 1483 711 1528 propinqua
738 1483 950 1519 sideribus
979 1493 1057 1520 1133
1082 1484 1126 1519 111
1155 1485 1315 1520 nubem
1344 1484 1513 1529 cogitur
1540 1486 1618 1520 nee
1645 1485 1688 1519 in
1717 1487 2028 1530 tempestatem

385 1543 609 1587 inpellitur
630 1552 708 1578 nec
729 1546 929 1579 uersatur
950 1543 994 1579 in
1015 1544 1236 1580 turbinem
1260 1555 1269 1580 :
1293 1544 1410 1580 omni
1431 1544 1627 1579 tumultu
1652 1546 1771 1580 caret
1794 1555 1804 1588 3
1825 1545 2030 1582 inferiora

386 1603 728 1638 fulminantur.»
759 1603 844 1648 (De
880 1603 951 1639 Ira
986 1603 1054 1639 III
1086 1603 1125 1648 6,
1160 1604 1218 1650 1.)
1248 1624 1303 1629 ——
1361 1603 1619 1639 Diuinorum
1652 1613 1661 1639 :
1694 1604 1749 1640 ef.
1784 1604 1871 1640 VII
1903 1604 1941 1641 8.
1974 1625 2028 1630 —

385 1662 662 1698 Aeternitatis
697 1672 705 1697 :
739 1671 840 1708 voy.
874 1662 916 1698 la
947 1665 1050 1699 note
1082 1673 1154 1699 sur
1186 1674 1310 1709 quam
1334 1663 1408 1698 diu
1437 1663 1702 1699 manebimus
1731 1663 1862 1709 (VIII
1884 1664 1940 1710 4).
1974 1684 2028 1690 —

385 1722 592 1758 Omnibus
611 1721 792 1757 saeculis
812 1732 820 1757 ε
842 1722 926 1758 abl.
947 1723 1000 1758 de
1019 1723 1162 1759 duree.
1182 1723 1258 1759 Cet
1277 1723 1361 1758 abl.
1392 1724 1457 1758 est
1471 1722 1675 1768 frequent
1700 1723 1802 1759 ehez
1832 1723 2027 1770 Seneque

383 1782 502 1828 (voy.
534 1781 647 1816 XIX
675 1781 730 1824 63
763 1782 824 1817 De
855 1782 944 1818 Ben
972 1783 1059 1818 VII
1096 1783 1160 1826 14,
1190 1782 1248 1826 63
1292 1783 1390 1820 Nat.
1422 1782 1586 1827 Quaest.
1620 1782 1707 1818 VII
1742 1782 1808 1827 12,
1837 1783 1896 1828 4;
1940 1783 2025 1830 Ep.

385 1841 541 1877 XVIII
562 1841 601 1885 7,
616 1841 698 1876 LII
720 1841 804 1887 10).
828 1841 894 1878 On
913 1841 951 1877 le
970 1844 1198 1878 rencontre
1218 1842 1435 1878 d'ailleurs
1456 1841 1556 1887 deja
1573 1842 1677 1878 chez
1690 1842 1749 1878 les
1765 1842 1998 1889 classiques
2014 1853 2023 1879 :

383 1913 398 1936 «
420 1901 527 1937 Cum
548 1902 705 1936 esset...
728 1903 973 1946 pugnatum
995 1902 1269 1938 continenter
1290 1901 1401 1937 horis
1423 1901 1616 1948 quinque.
1643 1913 1658 1936 ›>
1678 1902 1788 1948 (CeS.
1816 1903 1878 1938 De
1900 1902 1951 1938 B.
1977 1903 2022 1939 C.

385 1962 402 1997 I
426 1960 513 2007 46.)
539 1961 686 2005 Quant
709 1960 733 1996 a
756 1960 797 1996 13
821 1961 943 2006 place
967 1961 1018 1997 de
1042 1971 1109 1997 ces
1135 1963 1265 2006 mots,
1289 1961 1367 1997 elle
1391 1962 1562 1998 devrait
1586 1963 1676 1998 etre
1700 1964 1821 1998 entre
1851 1962 1958 2007 qaod
1979 1964 2024 1998 et

379 2021 476 2067 suit,
508 2019 734 2066 puisqu'ils
768 2030 812 2056 se
844 2023 1103 2066 rapportent
1136 2022 1160 2057 a
1192 2021 1277 2066 suit
1308 2024 1352 2057 et
1385 2022 1408 2057 a
1440 2022 1633 2067 satarum
1664 2023 1734 2058 est.
1772 2022 1878 2058 Mais
1912 2031 2021 2057 nous

380 2089 515 2117 avons
542 2089 600 2115 vu
628 2079 723 2124 plus
752 2079 881 2116 d'une
908 2080 1003 2125 fois,
1026 2081 1134 2116 dans
1158 2083 1273 2117 cette
1293 2081 1577 2125 Consolation,
1601 2081 1796 2127 seneque
1818 2081 2022 2117 s’ecarter

379 2140 431 2176 de
449 2140 491 2175 la
509 2139 807 2175 construction
826 2139 998 2185 logique
1018 2143 1061 2176 et
1080 2141 1359 2186 syntaxique‚
1381 2150 1432 2176 en
1451 2151 1499 2177 ce
1519 2141 1593 2187 qui
1613 2149 1821 2176 concerne
1839 2140 1880 2176 13
1898 2140 2021 2185 place

378 2200 451 2236 des
476 2198 789 2243 complements
807 2210 817 2243 ;
842 2208 941 2245 voy.
968 2202 1089 2236 entre
1114 2202 1258 2236 autres
1277 2200 1314 2236 V
1332 2200 1370 2244 6,
1387 2201 1448 2236 VI
1472 2200 1497 2236 2
1522 2203 1565 2237 et
1584 2201 1621 2244 7,
1641 2200 1798 2236 XVIII
1817 2200 1855 2236 9.
1874 2220 1928 2225 —
1953 2200 2019 2236 On

376 2268 653 2305 remarquera
674 2258 712 2294 13
733 2261 810 2294 ton
833 2259 1023 2295 5013111131
1046 2260 1099 2295 (13
1121 2262 1236 2296 cette
1260 2260 1452 2296 derniere
1473 2260 1644 2305 phrase,
1667 2260 1741 2305 qui
1763 2259 1844 2295 fait
1866 2268 2020 2304 penser

377 2320 399 2354 3
425 2318 749 2354 l’exclamation
776 2318 1025 2355 ehretienne
1053 2330 1061 2355 :
1091 2320 1135 2355 in
1161 2320 1328 2355 saecula
1352 2319 1646 2355 saeculorum!
1672 2319 1772 2356 Cela
1796 2321 1862 2355 est
1887 2319 2018 2355 d'une

376 2379 471 2414 ame
492 2377 694 2423 penetree
717 2378 775 2413 du
791 2379 1027 2415 sentiment
1050 2379 1102 2415 de
1123 2379 1279 2415 l'infini
1303 2381 1346 2415 et
1369 2379 1426 2414 du
1449 2379 1584 2415 divin.
1604 2379 1679 2415 Ces
1701 2381 1838 2415 sortes
1861 2378 2017 2415 d'effu-

374 2439 488 2473 sions
512 2438 1033 2484 religieuseS‚auxquelles
1058 2448 1102 2474 se
1125 2439 1234 2474 mele
1258 2439 1419 2484 pariois
1434 2448 1519 2474 11113
1534 2438 1746 2475 veritable
1769 2438 2014 2482 adoration,

374 2507 426 2533 ne
444 2500 543 2533 sont
561 2506 638 2541 pas
655 2506 770 2532 rares
788 2498 891 2533 chez
910 2498 1104 2544 seneque
1118 2499 1200 2542 ;·cf.
1222 2499 1321 2535 Nat.
1343 2498 1507 2543 Quaest.
1531 2498 1548 2533 I
1567 2498 1702 2543 praef.
1721 2498 1793 2534 2-5
1809 2508 1818 2533 :
1839 2508 1854 2532 «
1872 2498 2016 2534 Altera

372 2557 432 2603 (13
455 2556 809 2603 metaphysique)
833 2558 1012 2593 multum
1034 2567 1167 2604 supra
1185 2558 1306 2602 hanc,
1340 2558 1384 2593 in
1417 2568 1498 2604 qua
1521 2558 1773 2602 uolutamur,
1789 2557 2015 2603 caliginem

371 2616 526 2652 excedit
554 2618 589 2652 et
617 2626 636 2651 e
665 2616 842 2652 tenebris
871 2619 1028 2663 ereptos
1057 2617 1246 2663 perducit
1276 2618 1347 2653 illo
1378 2617 1486 2653 unde
1514 2617 1629 2653 lucet.
1663 2617 1878 2663 Equidem
1906 2619 2014 2654 tunc

370 2686 508 2711 rerum
534 2678 709 2711 naturae
737 2676 894 2721 qratias
922 2687 1015 2722 ayo,
1043 2686 1142 2712 cum
1169 2677 1288 2713 illam
1315 2686 1403 2712 non
1430 2677 1484 2712 ab
1512 2677 1594 2712 hac
1620 2679 1746 2721 parte
1771 2676 1900 2712 uideo
1927 2685 2013 2722 qua

371 2736 545 2780 publica
568 2737 647 2779 est,
672 2735 746 2770 sed
770 2746 863 2771 311111
886 2736 1103 2772 secretiora
1126 2737 1216 2772 eius
1243 2736 1417 2780 intraui,
1442 2746 1540 2772 cum
1565 2736 1682 2772 disco
1706 2745 1818 2782 quae
1839 2736 2011 2772 uniuer-

370 2795 403 2830 si
430 2795 612 2830 materia
641 2795 712 2839 sit,
739 2795 833 2840 quis
861 2798 1014 2832 auctor
1040 2798 1118 2832 aut
1144 2798 1306 2840 custOS,
1334 2796 1439 2841 quid
1465 2795 1522 2832 sit
1549 2795 1698 2832 deus...
1718 2795 1819 2833 Nisi
1840 2795 1894 2832 ad
1913 2795 2012 2831 haec

369 2855 617 2896 admitterer,
638 2864 722 2890 non
742 2861 777 2886 <
797 2855 903 2891 tanti
923 2862 957 2888 >
981 2856 1263 2900 sueratnasci.
1286 2855 1399 2900 Quid
1419 2855 1532 2891 enim
1555 2857 1662 2900 erat,
1678 2865 1753 2891 cur
1770 2855 1814 2891 in
1830 2863 2010 2891 numero

368 2914 613 2950 uiuentium
636 2923 704 2950 me
727 2914 921 2958 positum
945 2924 1034 2951 esse
1057 2915 1290 2960 gauderem
1320 2915 1385 2951 ἱ)...
1410 2916 1460 2951 ut
1483 2915 1564 2950 hoc
1586 2922 1740 2959 corpus
1764 2914 2008 2951 causarium

368 2983 417 3008 33
444 2973 629 3009 fluidum
656 2975 1000 3020 periturumque,
1029 2975 1110 3010 nisi
1138 2974 1321 3010 subinde
1347 2974 1568 3019 impletur,
1595 2974 1793 3010 farcirem
1820 2975 1864 3010 et
1890 2974 2009 3009 uiue-

367 3042 455 3068 rem
487 3034 601 3079 aegri
633 3034 828 3070 minister
857 3035 922 3070 ‘?...
960 3034 1138 3070 Detrahe
1168 3035 1240 3070 hoe
1272 3034 1580 3070 inaestimabile
1612 3034 1765 3070 bonum
1789 3042 1803 3068 .·
1833 3043 1918 3069 non
1951 3034 2009 3068 est
