2154 3377
376 227 439 258 AD
475 225 689 259 iii-:mmm
728 225 926 256 MATREM
966 225 1027 256 DF.
1060 225 1439 264 (:‹)Ns‹)l.A'l¹1‹›Nl‹2‚
1477 227 1521 256 xi
1705 216 1761 258 63

122 357 215 387 non
238 345 362 387 enim
387 344 490 387 sitis
512 344 589 387 illa
614 343 693 386 sed
719 343 910 385 morbus
933 345 1020 384 est.
1048 343 1144 385 Nec
1170 342 1255 384 lioc
1280 342 1324 383 in
1351 343 1544 397 pecunia
1573 346 1760 386 tantum

120 418 207 458 aut
243 415 481 458 alimentis
518 415 713 461 euenit:
752 414 916 456 eadem
958 417 1126 456 natura
1167 416 1240 455 est
1278 413 1323 454 in
1363 413 1491 455 omui
1517 413 1762 463 desiderio,

127 485 251 542 quod
279 487 417 528 modo
447 499 539 528 non
565 499 625 528 ex
649 485 805 541 inopia
834 484 912 527 sed
939 497 1000 527 ex
1024 484 1141 527 uitio
1169 483 1378 527 nascitur
1408 498 1416 526 ε
1444 484 1673 540 quidquid
1703 485 1764 527 illi

123 558 421 613 congessmis,
455 569 544 599 non
583 555 687 598 sinis
718 555 808 599 erit
839 555 1130 611 cupiditatis,
1163 556 1242 597 sed
1274 555 1463 611 gradus.
1499 554 1585 608 Qui
1619 556 1768 597 conti-

122 627 254 670 nebit
285 628 446 684 itaque
482 641 527 670 se
576 627 699 670 intra
749 627 1012 670 naturalem
1057 626 1267 676 modum,
1304 629 1634 682 paupertatem
1671 639 1764 667 non

121 699 294 742 sentiet
320 714 329 749 ;
350 699 427 754 qui
448 698 712 741 naturalem
732 698 923 741 modum
942 698 1153 746 excedet,
1172 710 1277 740 eum
1299 697 1345 739 in
1364 697 1559 740 summis
1578 710 1765 753 quoque

121 769 291 826 opibus
325 773 581 826 paupertas
615 773 853 826 sequetur.
912 769 1193 828 Necessariis
1237 768 1375 811 rebus
1417 772 1466 810 et
1498 768 1638 811 exilia
1673 768 1770 811 sus-

121 840 305 890 siciunt‚
334 840 638 897 superuacuis
666 853 752 883 nec
778 852 935 896 regna.
964 840 1162 882 Animus
1189 843 1276 889 est,
1307 839 1385 895 qui
1415 839 1587 882 diuites
1614 839 1731 882 facit
1756 853 1766 888 ;

122 911 196 955 hic
218 911 265 954 in
286 911 425 954 exilia
450 911 662 967 sequitur
684 915 735 954 et
756 911 801 954 in
825 910 1160 954 solitudinibus
1182 911 1464 967 asperrimis,
1490 924 1594 953 cum
1620 923 1769 966 quan-

124 987 226 1026 tum
249 983 364 1025 satis
385 986 458 1025 est
478 983 753 1026 sustinendo
783 982 964 1039 corpori
986 982 1183 1030 inuenit,
1207 981 1303 1037 ipse
1335 982 1470 1023 bonis
1497 983 1592 1024 suis
1619 982 1768 1025 abun-

198 1123 239 1155 Ν.
262 1124 297 1155 C.
323 1142 356 1146 —-
385 1124 440 1155 XI
457 1125 490 1155 4.
519 1124 650 1155 excedit
676 1123 706 1154 Α
728 1133 736 1161 ;
763 1124 898 1154 excedet
923 1130 982 1162 ug.
1009 1123 1093 1154 inde
1120 1123 1166 1154 ab
1196 1123 1361 1154 Erasino.

131 1270 185 1274 —
244 1249 321 1286 illa
357 1267 393 1279 =
426 1250 544 1293 illud,
571 1249 808 1285 attraction
834 1249 1039 1294 re'guliere
1067 1260 1073 1283 :
1101 1249 1248 1294 quand
1273 1249 1310 1284 le
1335 1249 1449 1294 sujet
1474 1252 1537 1284 est
1563 1258 1619 1284 un
1645 1260 1763 1295 pron.

125 1309 231 1345 dem.
260 1319 313 1344 ou
339 1309 452 1345 relat.
481 1311 636 1352 neutre,
664 1309 694 1344 il
721 1308 857 1353 prend
885 1308 922 1344 le
950 1316 1076 1353 genre
1103 1310 1146 1344 et
1172 1308 1210 1343 le
1239 1309 1418 1344 nombre
1447 1309 1498 1344 de
1525 1309 1761 1353 l'attribut‚

125 1368 178 1404 cf.
211 1368 410 1412 Salluste‚
443 1368 530 1404 Cat.
564 1368 620 1404 LI
655 1368 705 1403 14
738 1379 746 1403 :
791 1379 806 1401 «
829 1368 942 1413 Quae
972 1368 1038 1412 (=
1074 1367 1209 1413 quod)
1239 1368 1356 1412 apud
1397 1368 1500 1403 alios
1539 1368 1764 1404 iracundia

126 1427 298 1471 dicitur,
320 1438 366 1463 ea
387 1429 452 1473 (=
478 1428 541 1473 id)
562 1428 605 1463 in
629 1426 809 1472 imperio
831 1427 1034 1471 superbia
1057 1429 1189 1471 atque
1211 1426 1444 1462 crudelitas
1467 1427 1724 1471 appellatur.
1750 1438 1764 1461 ι)

126 1487 252 1523 Cette
277 1488 530 1531 attraction,
555 1487 630 1532 qui
654 1489 718 1522 est
743 1487 795 1522 de
817 1486 989 1531 rigueur
1013 1486 1036 1521 a
1060 1485 1259 1531 l'epoque
1284 1486 1508 1532 classique,
1533 1487 1644 1523 n’est
1668 1487 1762 1531 plus

122 1546 380 1592 obligatoire
409 1547 515 1582 dans
544 1546 585 1582 la
614 1546 770 1592 langue
799 1545 850 1581 de
879 1545 1102 1589 1’Empire‚
1132 1545 1184 1580 cf.
1227 1546 1288 1581 De
1325 1546 1475 1591 Tranq.
1511 1547 1593 1582 An.
1628 1547 1670 1582 II
1700 1548 1721 1581 ΑΓ1
1755 1557 1762 1582 ;

122 1619 137 1638 «
163 1605 214 1641 Id
239 1606 533 1652 tranquillitas
561 1606 641 1642 erit
666 1617 694 1650 »‚
723 1608 765 1641 et
794 1605 956 1649 Tacite,
986 1606 1097 1641 Hist.
1132 1605 1149 1640 I
1177 1606 1230 1642 49
1260 1616 1267 1640 τ
1299 1606 1409 1649 «Vt,
1437 1607 1543 1651 quod
1580 1607 1763 1652 segnitia

123 1667 232 1709 erat,
253 1666 467 1710 sapientia
487 1667 730 1701 uocaretur.
756 1678 770 1698 »

207 1725 245 1761 4.
278 1745 332 1749 —-
391 1725 439 1760 ln
459 1725 640 1770 pecunia
663 1735 671 1760 :
691 1724 760 1767 ici,
783 1724 826 1759 in
850 1741 888 1753 =
913 1724 1092 1770 «quand
1110 1725 1139 1760 il
1157 1724 1285 1770 s'agit
1305 1725 1371 1768 de,
1392 1725 1498 1759 dans
1518 1725 1554 1760 le
1574 1734 1644 1760 cas
1664 1725 1714 1760 de
1736 1737 1763 1768 »‚

124 1784 178 1820 cf.
201 1784 285 1820 Cic.
309 1785 390 1820 Pro
410 1785 505 1829 Leq.
529 1784 651 1820 Man.
678 1783 790 1820 XIX
811 1783 862 1819 56
883 1794 891 1819 :
914 1795 928 1817 «
954 1783 1006 1819 In
1025 1784 1165 1820 salute
1190 1784 1411 1820 communi
1436 1784 1551 1820 idem
1579 1785 1763 1829 populus

123 1844 347 1880 Romanus
385 1843 521 1879 dolori
556 1853 634 1879 suo
672 1843 828 1878 maluit
865 1852 998 1889 quam
1035 1843 1289 1880 auctoritati
1335 1846 1506 1879 uestrae
1542 1846 1765 1889 optempe-

120 1912 227 1939 rare.
253 1915 268 1937 »
298 1923 352 1928 -—
411 1903 560 1949 Itaque
583 1913 592 1937 ε
617 1903 670 1938 cf.
699 1903 741 1938 II
763 1903 801 1938 2.
834 1923 889 1927 ——
947 1903 1074 1939 Modo
1097 1914 1105 1938 :
1130 1903 1183 1938 cf.
1209 1902 1316 1938 XVI
1339 1903 1376 1938 5.
1409 1924 1464 1927 —
1524 1903 1730 1949 Sequetur
1753 1915 1761 1939 :

120 1962 174 1999 cf.
198 1962 261 1998 VI
286 1963 322 1998 1.
355 1983 409 1987 ——
464 1962 720 1998 Necessariis
744 1962 870 1998 rebus
896 1973 903 1998 :
930 1962 1043 1998 datif
1066 1962 1119 1998 de
1142 1963 1236 2007 but,
1263 1962 1316 1998 cf.
1344 1962 1386 1998 X
1410 1963 1434 1998 2
1458 1962 1630 2008 (uitiis).
1657 1963 1763 1999 Mais

121 2032 168 2058 ce
191 2024 298 2067 peut
321 2023 411 2058 etre
434 2022 548 2058 aussi
569 2021 607 2057 le
633 2022 789 2066 compl.
814 2021 941 2057 indir.
967 2022 1019 2058 de
1041 2023 1280 2068 sufficiunt.
1313 2043 1367 2047 -—
1429 2023 1481 2058 Et
1505 2033 1513 2058 :
1538 2022 1590 2057 cf.
1615 2023 1701 2058 VII
1724 2023 1760 2059 9.

119 2101 175 2107 —-
192 2081 277 2117 Nee
299 2092 306 2117 :
330 2081 382 2117 cf.
407 2081 448 2117 X
467 2082 505 2117 3.

207 2141 246 2177 5.
278 2161 332 2165 —
392 2141 575 2176 Animus
604 2145 667 2177 est
697 2141 769 2187 qui
800 2151 808 2175 ;
840 2152 855 2175 (ι-
877 2141 1006 2177 l'ame
1036 2143 1101 2177 est
1130 2152 1171 2177 ce
1200 2141 1321 2187 qui».
1355 2141 1438 2176 Des
1469 2141 1681 2177 locutions
1713 2142 1764 2178 de

121 2209 168 2236 ce
199 2207 328 2245 genre
358 2209 411 2236 ne
441 2200 623 2236 doivent
653 2208 730 2245 pas
761 2201 851 2236 etre
880 2200 1104 2246 regardees
1135 2210 1302 2236 comme
1331 2201 1613 2246 l'equivalent
1643 2201 1694 2236 de
1724 2202 1765 2236 la

121 2259 371 2304 periphrase
413 2259 624 2304 francaise
658 2270 666 2295 :
697 2270 711 2292 «
737 2259 875 2295 c'est...
909 2260 1031 2305 qui».
1065 2260 1127 2296 Cf.
1166 2260 1389 2296 Tite-Live
1429 2261 1540 2296 VIII
1570 2261 1638 2304 25,
1671 2262 1721 2297 10
1754 2272 1762 2297 :

122 2331 137 2351 «
160 2318 381 2354 Charilaus
398 2318 482 2355 fuit
499 2319 573 2364 qui
592 2319 714 2355 uenit
738 2331 753 2353 »
778 2336 816 2349 =
839 2331 854 2354 «
877 2319 951 2355 Ch.
975 2319 1044 2355 fut
1066 2320 1174 2355 celui
1190 2320 1373 2366 qui·vint
1390 2331 1425 2364 »3
1449 2320 1531 2357 Cic.
1555 2321 1622 2356 Ad
1641 2321 1760 2356 Fam.

122 2377 205 2413 XV
224 2379 263 2421 4,
285 2378 332 2413 11
358 2389 366 2413 :
389 2390 404 2412 «
427 2378 491 2413 Tu
511 2387 552 2414 es
574 2378 688 2414 enim
707 2379 741 2414 is
764 2379 838 2424 qui
861 2391 875 2413 »
904 2396 942 2408 =
969 2390 983 2413 «
1004 2379 1069 2414 Tu
1089 2388 1131 2414 es
1151 2380 1259 2415 celui
1288 2379 1339 2415 de
1370 2389 1459 2415 mes
1489 2381 1596 2416 amis
1626 2382 1697 2426 qui
1721 2393 1762 2424 »g

121 2437 219 2473 sen.
247 2438 308 2473 De
331 2437 455 2473 Clem.
483 2438 525 2473 II
546 2438 584 2482 5,
608 2439 627 2473 1
654 2449 662 2473 z
687 2450 701 2471 «
724 2439 890 2474 Anus..
914 2441 1017 2475 sunt
1039 2448 1150 2484 quae
1173 2450 1188 2473 »
1218 2456 1255 2468 z
1283 2451 1298 2473 «
1319 2440 1379 2475 les
1401 2439 1562 2475 vieilles
1583 2440 1761 2476 femmes

120 2498 222 2532 sont
247 2497 307 2532 les
334 2506 557 2542 personnes
585 2498 656 2543 qui
680 2510 706 2532 ›>.
739 2498 874 2534 Notre
902 2509 917 2532 «
937 2497 1076 2535 c'est...
1108 2499 1179 2544 qui
1202 2510 1217 2532 »
1255 2506 1299 2535 se
1335 2499 1442 2534 rend
1469 2508 1522 2534 en
1548 2499 1658 2536 latin
1686 2509 1762 2544 par

122 2556 164 2592 la
183 2555 441 2600 disposition
460 2557 532 2592 des
552 2559 682 2600 mots,
702 2566 781 2602 par
800 2557 995 2602 exemple
1014 2567 1066 2593 en
1085 2560 1278 2594 mettant
1298 2567 1350 2594 en
1367 2559 1458 2594 tete
1478 2559 1530 2594 de
1547 2559 1589 2594 la
1606 2559 1760 2603 phrase

121 2616 159 2651 le
179 2618 273 2652 mot
293 2616 558 2661 important;
580 2616 633 2652 cf.
657 2616 740 2652 Cic.
767 2617 829 2653 De
854 2617 949 2653 Sen.
971 2617 1009 2652 V
1031 2618 1080 2652 14
1104 2628 1111 2652 :
1135 2618 1301 2654 «Sua...
1329 2618 1437 2654 uitia
1462 2618 1757 2663 insipientes...

120 2675 164 2710 in
190 2677 461 2711 senectutem
489 2676 717 2712 conferunt
742 2689 756 2710 »
791 2693 829 2705 z
861 2686 902 2712 ce
927 2678 1019 2712 sont
1044 2677 1155 2713 leurs
1182 2686 1359 2722 propres
1386 2678 1528 2714 fantes
1555 2678 1719 2723 qu'ils...
1746 2690 1760 2710 ›>

121 2754 176 2759 —-
198 2734 344 2779 Quant
365 2735 389 2770 a
407 2735 547 2779 l'idee,
569 2735 646 2771 elle
667 2738 732 2772 est
751 2735 969 2772 vraiment
988 2736 1225 2772 stoicienne
1247 2747 1255 2772 ;
1275 2737 1334 2773 les
1354 2738 1558 2773 richesses
1579 2746 1630 2771 nc
1651 2744 1757 2771 nous

122 2794 461 2839 appartiennent
482 2803 558 2839 pas
579 2804 630 2830 en
652 2804 807 2840 propre
832 2806 842 2839 ;
864 2805 910 2831 ce
931 2805 1013 2840 que
1034 2804 1142 2832 nous
1164 2804 1298 2832 avons
1321 2796 1345 2832 a
1365 2806 1488 2840 nous,
1510 2797 1614 2832 c'est
1635 2799 1758 2831 notre

122 2853 280 2897 raison,
307 2854 380 2899 qui
404 2863 512 2889 nous
539 2855 734 2899 apprend
758 2864 841 2900 que
865 2855 907 2890 la
930 2855 1049 2891 vraie
1073 2856 1256 2892 richesse
1281 2858 1345 2892 est
1369 2856 1407 2891 le
1431 2857 1758 2891 contentenient

121 2912 343 2957 interieur‚
366 2913 418 2949 cf.
446 2913 527 2959 Ep.
553 2913 677 2950 XCII
699 2915 746 2950 31
774 2925 782 2949 :
807 2925 822 2948 «
848 2915 1054 2950 Animum
1075 2915 1244 2960 impleri
1267 2916 1435 2958 debere,
1458 2924 1542 2949 non
1565 2924 1717 2950 arcam.
1744 2928 1758 2948 »

121 2970 232 3018 Voy.
258 2972 299 3008 la
323 2975 426 3008 note
450 2982 522 3008 sur
545 2983 819 3019 numquam...
846 2973 1003 3010 credidi
1025 2973 1079 3020 (V
1101 2973 1141 3020 4)
1165 2977 1207 3011 et
1235 2975 1389 3011 Introd.
1417 2976 1435 3019 ξ
1458 2974 1524 3010 20.
1549 2994 1602 2998 —
1629 2974 1756 3010 Bonis

1867 844 1890 878 21

1896 870 1906 879 0
