2195 3345
455 209 513 252 44
745 223 785 253 L.
823 222 987 253 ANNAEI
1021 223 1215 254 SENECAE
1246 223 1567 255 DIALOGORUM
1601 224 1696 255 LIB.
1732 225 1801 257 XII

453 341 695 397 ‘tugurium
713 354 880 397 nempe
902 341 1107 384 uirtutes
1135 341 1303 397 recipit
1317 341 1341 383 ἲ)
1362 341 1456 384 iam
1484 341 1704 385 omnibus
1720 344 1908 400 templis
1925 345 2099 390 formo-

453 412 549 455 sius
576 413 681 463 erit,
711 425 818 456 cum
846 412 941 455 illic
966 412 1149 455 iustitia
1181 415 1432 468 conspecta
1463 412 1622 462 fuerit,
1653 425 1759 456 cum
1787 415 2096 468 continentia,

453 497 559 526 cum
587 483 855 540 prudentia,
883 483 1052 540 pietas,
1077 483 1290 526 omnium
1311 483 1579 526 officiorum
1607 487 1732 527 recte
1759 485 2098 542 dispensando-

451 568 555 597 rum
578 555 714 605 ratio,
734 555 1050 597 humanorum
1068 554 1431 611 diuinorumque
1450 555 1646 598 scientia
1664 569 1675 605 ;
1692 556 1848 599 nullus
1864 563 2096 614 angustus

451 629 524 668 est
546 626 690 676 locus,
716 625 795 682 qui
835 626 958 668 hanc
982 628 1083 668 tam
1122 637 1401 682 magnarum
1424 625 1678 669 uirtutium
1710 627 1902 670 turham
1937 630 2094 687 capit;

451 697 632 740 nullum
651 696 847 739 exilium
865 707 1008 752 graue
1028 699 1116 747 est,
1131 695 1180 739 in
1200 697 1327 753 quod
1347 696 1459 739 licet
1478 709 1584 739 cum
1608 697 1697 740 hoc
1716 697 1779 740 ire
1808 699 2057 744 comitatu.
2077 715 2096 744 »

449 769 627 811 Brutus
646 767 694 810 in
713 779 767 810 eo
782 767 918 818 libro,
940 779 1081 824 quem
1103 767 1160 810 de
1181 767 1362 810 uirtute
1378 768 1660 823 composuit,
1674 769 1745 812 ait
1758 782 1804 812 se
1819 769 2093 815 Marcellum

528 912 568 944 N.
591 913 627 944 C.
651 930 686 934 —
714 913 768 944 IX
786 912 819 945 3.
846 907 1135 954 despensandori‘z
1162 913 1205 950 A,
1232 920 1323 944 corr.
1350 919 1410 951 ug.
1434 930 1469 934 —
1501 921 1568 952 quo
1587 913 1618 944 A
1638 922 1647 950 ;
1666 915 1758 953 quod
1778 914 1936 947 Fickert.

452 1048 701 1091 Faustulus,
734 1047 809 1093 qui
840 1058 867 1093 y
897 1047 1107 1083 recueillit
1139 1049 1182 1083 et
1214 1046 1335 1082 eleva
1368 1046 1580 1082 Romulus
1602 1048 1646 1082 et
1666 1047 1842 1084 Remus.
1871 1048 1947 1085 Ces
1971 1049 2086 1087 deux

450 1116 567 1144 cases
620 1107 786 1144 etaient
831 1106 1181 1152 soigneusement
1229 1108 1505 1142 entretenues
1551 1115 1629 1150 par
1672 1105 1731 1141 les
1776 1107 2043 1153 magistrats.
2069 1120 2084 1143 »

449 1168 734 1213 (Bornecque‚
757 1167 945 1203 Controv.
966 1167 1002 1202 et
1023 1167 1164 1208 Suas.‚
1184 1166 1289 1201 trad.
1309 1175 1449 1208 nouo„
1473 1165 1491 1200 I
1509 1175 1550 1210 p.
1572 1165 1667 1209 306,
1685 1166 1793 1202 dont
1809 1167 1852 1212 J‘e
1870 1166 1952 1203 tire
1971 1169 2086 1205 aussi

448 1227 489 1262 la
518 1226 702 1262 citation
732 1226 956 1271 d'Homo).
988 1226 1068 1262 Sur
1095 1225 1138 1260 la
1187 1225 1297 1261 Casa
1343 1225 1528 1268 Romuli,
1573 1235 1673 1271 voy.
1723 1235 1876 1262 encore
1924 1227 2082 1264 Introd.

447 1296 488 1331 p.
526 1286 686 1330 LXIV,
721 1288 763 1322 et
802 1286 854 1322 cf.
897 1286 1035 1321 Contr.
1076 1285 1118 1320 II
1145 1285 1183 1327 1,
1210 1284 1256 1320 5:
1303 1283 1445 1320 «Colit
1488 1284 1741 1320 etiamnunc
1781 1285 1826 1320 in
1871 1285 2084 1331 Capitolio

447 1356 587 1382 casam
601 1345 743 1382 uictor
758 1345 953 1381 omnium
968 1344 1164 1390 gentium
1178 1344 1378 1389 populus.
1405 1355 1419 1377 »
1433 1344 1657 1389 —Nempe
1674 1355 1682 1380 :
1699 1344 1752 1380 cf.
1768 1344 1811 1380 la
1825 1347 1928 1382 note
1942 1346 2029 1382 VII
2045 1348 2082 1383 7.

446 1427 501 1431 —
527 1407 760 1450 Conspecta
785 1405 914 1441 [uerit
939 1415 948 1440 ε
983 1422 1022 1433 =
1050 1413 1192 1449 consp.
1218 1403 1308 1446 erit,
1334 1402 1560 1438 confusion
1584 1403 1814 1449 frequente
1837 1405 1941 1440 chez
1965 1405 2082 1442 Tite-

448 1466 552 1501 Live
585 1465 759 1510 (XXVI
794 1465 859 1508 13,
895 1464 980 1507 18;
1015 1463 1219 1499 XXVIII
1252 1463 1319 1506 40,
1354 1463 1440 1505 13;
1475 1462 1634 1497 XXIX
1669 1463 1735 1506 18,
1772 1463 1856 1508 15).
1893 1464 2012 1500 Dans
2044 1465 2083 1501 le

446 1524 558 1571 style
585 1524 812 1569 classique,
840 1526 956 1559 cette
982 1523 1120 1558 forme
1147 1523 1206 1558 du
1232 1523 1314 1557 fut.
1345 1524 1435 1557 ant.
1465 1521 1578 1557 n'est
1605 1524 1796 1558 correcte
1824 1532 1907 1568 que
1935 1525 2084 1569 quand

446 1595 501 1620 on
516 1586 623 1621 veut
640 1593 844 1629 marquer
859 1593 944 1618 une
961 1583 1098 1618 action
1115 1582 1346 1617 anterieure
1363 1581 1387 1616 3
1404 1580 1506 1616 celle
1522 1580 1741 1626 indiquee,
1761 1581 1868 1617 dans
1884 1581 1926 1617 la
1942 1584 2084 1620 meme

444 1645 614 1689 phrase,
632 1653 711 1689 par
726 1643 765 1679 le
781 1643 864 1679 fut.
883 1644 973 1678 ant.
994 1652 1100 1678 avec
1115 1652 1194 1684 ero,
1213 1641 1266 1676 cf.
1287 1640 1369 1676 Cic.
1398 1641 1517 1675 Tusc.
1541 1641 1599 1675 IV
1617 1640 1682 1684 15,
1701 1640 1752 1676 35
1773 1651 1781 1676 z
1802 1652 1816 1675 «
1839 1641 1882 1677 Si
1899 1643 2076 1687 quando

444 1705 595 1749 adepta
615 1703 692 1739 erit
711 1703 771 1746 id,
787 1703 905 1748 quod
927 1702 964 1737 ei
984 1701 1112 1747 suerit
1132 1700 1413 1745 concupitum.
1430 1711 1444 1734 »
1465 1700 1503 1735 A
1518 1710 1564 1735 ce
1579 1700 1708 1744 sujet,
1725 1709 1826 1746 voy.
1845 1701 2078 1746 Riemann,

448 1764 566 1809 Synt.
597 1763 666 1798 lat.
707 1764 726 1807 §
756 1762 851 1806 139,
881 1764 925 1797 et
952 1761 1012 1796 les
1041 1770 1145 1796 rem.
1180 1760 1305 1795 I-III.
1337 1780 1393 1784 ——
1453 1760 1572 1802 Cum,
1612 1759 1778 1795 devant
1820 1760 2078 1797 continentia

444 1825 487 1859 et
508 1822 748 1868 prudentia,
771 1823 837 1857 est
859 1830 1011 1857 encore
1033 1819 1327 1865 conjonction.
1355 1839 1410 1844 —
1471 1818 1786 1855 Continentia...
1809 1820 2078 1865 prudentia...

442 1882 636 1918 iustitia:
667 1881 775 1917 trois
806 1881 878 1916 des
909 1882 1065 1925 quatre
1092 1880 1241 1915 vertus
1275 1877 1513 1913 cardinales
1543 1878 1616 1913 des
1649 1878 1850 1914 stoiciens
1879 1879 2078 1927 (kyxpdrem,

442 1947 608 1989 φρόνησις,
639 1940 859 1985 δικαιοσύνη).
897 1940 931 1975 Il
968 1942 1033 1975 est
1064 1939 1256 1983 etrange,
1286 1947 1515 1982 remarque
1552 1947 1658 1973 avec
1692 1938 1836 1973 raison
1868 1938 1924 1974 M.
1958 1939 2080 1983 Duff,

444 2012 526 2047 que
557 2002 752 2046 Seneque
781 2000 843 2036 ait
877 1999 1020 2034 oublie
1042 1998 1084 2033 13
1115 1997 1358 2043 quatrieme
1381 1997 1610 2042 (fortitudo,
1642 1997 1810 2045 ἀνδρεία),
1833 1997 2081 2042 particulie-

441 2062 609 2097 rement
658 2059 895 2096 necessaire
945 2059 969 2094 3
1017 2068 1077 2093 un
1126 2057 1248 2094 exile.
1280 2078 1336 2082 —
1396 2057 1702 2092 Humanorum
1750 2057 2081 2103 dIuinorumque

441 2120 620 2156 scientia
649 2130 657 2155 :
686 2119 916 2155 definition
943 2119 996 2154 de
1021 2118 1063 2152 13
1089 2116 1376 2162 philosophie,
1403 2116 1456 2151 cf.
1487 2116 1569 2161 Ep.
1599 2116 1844 2151 LXXXIX
1871 2116 1895 2152 5
1924 2127 1932 2152 :
1961 2127 1977 2151 «
2002 2117 2080 2153 Sa-

442 2180 604 2225 pientia
627 2181 697 2223 est,
722 2189 842 2214 nosse
865 2178 1020 2213 diuina
1042 2179 1079 2212 et
1102 2177 1290 2212 humana
1313 2177 1348 2211 et
1371 2175 1518 2211 horum
1541 2185 1691 2210 causas
1715 2187 1742 2218 »,
1769 2175 1794 2211 3
1816 2176 2080 2220 rapprocher

442 2241 494 2275 de
517 2240 600 2276 Cic.
628 2240 689 2274 De
711 2238 794 2284 Off.
822 2239 864 2273 ΙΙ
886 2238 925 2281 2,
949 2237 972 2273 5
997 2247 1004 2272 :
1029 2248 1044 2271 «
1071 2235 1294 2282 Sapientia
1315 2237 1415 2271 est...
1438 2245 1576 2270 rerum
1597 2235 1846 2270 diuinarum
1875 2236 1912 2270 et
1931 2234 2077 2271 huma-

440 2310 593 2336 narum
620 2308 936 2343 causarumque,
966 2297 1118 2343 quibus
1146 2306 1215 2331 eae
1241 2305 1305 2331 res
1333 2294 1608 2337 continentur,
1637 2294 1826 2330 scientia.
1851 2305 1867 2328 »
1894 2294 1954 2330 Le
1979 2304 2078 2339 rap-

440 2360 724 2405 prochement
746 2358 799 2393 de
823 2365 889 2393 ces
915 2358 1030 2392 deux
1052 2356 1140 2401 adj.
1165 2355 1327 2391 servait
1351 2353 1567 2389 d'ailleurs
1592 2363 1680 2389 aux
1703 2355 1878 2389 auteurs
1902 2353 2074 2389 aneiens

441 2421 464 2455 3
488 2419 685 2464 designer
706 2420 831 2453 toute
854 2418 982 2452 chose
1005 2415 1168 2461 grande
1192 2417 1235 2450 et
1258 2414 1402 2449 sacree
1425 2424 1435 2457 ;
1458 2413 1512 2449 cf.
1538 2413 1621 2449 Cic.
1651 2414 1713 2449 De
1739 2413 1875 2448 Amic.
1903 2413 1966 2449 VI
1988 2413 2041 2449 20
2067 2424 2075 2449 ε

441 2490 456 2513 «
478 2479 558 2514 Est
586 2480 734 2513 autem
763 2477 955 2512 amicitia
982 2474 1089 2511 nihil
1117 2474 1235 2510 aliud
1262 2474 1344 2509 nisi
1372 2473 1566 2508 omnium
1594 2472 1844 2508 diuinarum
1870 2471 2076 2508 humana-

440 2548 612 2583 rumque
633 2547 731 2572 cum
747 2536 1054 2572 beneuolentia
1070 2535 1113 2570 et
1130 2533 1313 2569 caritate
1329 2541 1501 2568 summa
1517 2531 1753 2567 consensio.
1779 2543 1794 2566 »
1812 2551 1868 2556 —
1928 2531 2047 2576 Capit
2064 2541 2073 2567 :

440 2609 456 2631 «
477 2597 672 2634 contient
696 2608 725 2640 »‚
758 2596 811 2631 cf.
850 2595 931 2640 Ep.
966 2593 1212 2630 LXXXIX
1243 2593 1323 2628 20:
1348 2603 1363 2627 «
1380 2592 1553 2636 Ager...,
1577 2591 1650 2636 qui
1670 2590 1882 2635 populum
1902 2590 2044 2637 cepit»
2059 2599 2076 2632 ;

439 2657 492 2692 cf.
517 2667 653 2702 capax
685 2673 723 2685 z
753 2666 767 2689 <‹
790 2655 863 2700 qui
886 2657 992 2699 peut
1015 2653 1200 2689 contenit
1223 2653 1449 2696 beaucoup
1473 2662 1500 2686 ».

522 2717 560 2752 4.
593 2737 648 2741 ——
705 2716 863 2750 Brutus
897 2724 905 2748 :
940 2723 1040 2759 voy.
1074 2712 1186 2748 VIII
1220 2712 1240 2747 1
1276 2713 1319 2747 et
1350 2710 1393 2746 la
1423 2712 1539 2746 note.
1571 2731 1627 2735 —
1684 2710 1937 2746 Marcellum
1969 2719 1977 2745 :
2012 2709 2068 2745 M.

440 2776 642 2812 Claudius
676 2773 917 2816 Marcellus,
951 2772 1100 2808 consul
1132 2781 1185 2807 en
1228 2771 1277 2806 51
1314 2780 1381 2806 av.
1414 2769 1540 2813 J.-C.,
1583 2779 1689 2805 avec
1731 2769 1817 2805 Ser.
1861 2768 2073 2813 Sulpicius

439 2836 593 2872 Rufus.
615 2833 801 2870 Ennemi
819 2833 872 2868 de
890 2832 1032 2875 cesar,
1050 2831 1080 2866 il
1099 2831 1220 2869 avait
1237 2830 1324 2875 pris
1343 2831 1457 2874 part,
1477 2828 1584 2863 dans
1602 2828 1779 2864 l'armee
1797 2828 1850 2864 de
1869 2827 2072 2872 Pompee‚

438 2896 461 2931 3
490 2895 534 2931 13
564 2893 742 2930 bataille
773 2893 826 2928 de
858 2891 1077 2934 Pharsale,
1109 2890 1205 2935 puis
1237 2890 1384 2925 s’etait
1415 2888 1544 2924 retire
1576 2888 1599 2923 a
1633 2887 1856 2933 Mytilene,
1893 2895 2004 2932 pour
2042 2896 2071 2932 y

436 2963 660 2990 consacrer
682 2953 706 2989 3
724 2951 888 2988 l’etude
909 2959 973 2986 ses
995 2950 1132 2986 loisirs
1153 2949 1304 2985 force's.
1329 2949 1395 2984 En
1417 2947 1484 2991 46,
1507 2956 1586 2983 son
1615 2947 1738 2992 frere,
1762 2947 1805 2983 C.
1828 2945 2069 2990 Marcellus,
