2154 3377
420 228 482 259 AD
519 227 739 259 HELVIAM
774 227 975 259 MATREM
1012 227 1072 258 DE
1105 227 1486 261 coNsoi.A'1‘10N1·:.
1517 228 1581 259 ΧΗ
1772 215 1829 261 69

183 357 277 402 quo
301 346 458 402 coepit
482 345 745 389 Stoicorum
770 343 917 400 rigida
941 356 997 386 ac
1020 343 1167 387 uirilis
1189 344 1438 400 sapientia,
1463 344 1579 386 satis
1603 348 1793 388 constat
1819 360 1829 387 :

182 429 297 459 num
335 427 445 472 ergo
485 417 735 473 quisquam
782 428 862 458 eos
906 416 1070 458 misere
1110 414 1283 458 uixisse
1323 415 1463 463 dicet,
1505 418 1560 457 ut
1599 427 1689 455 non
1732 416 1828 471 ipse

183 487 471 530 miserrimus
493 487 555 529 ob
583 487 669 529 hoc
691 485 912 529 omnibus
936 486 1156 528 uideatur
1182 485 1207 528 ‘l
1231 485 1474 528 Menenius
1499 485 1722 540 Agrippa,
1749 486 1827 541 qui

181 557 305 600 inter
343 562 502 615 patres
533 570 589 601 ac
621 557 805 614 plebem
839 557 1053 614 publicae
1085 557 1264 613 gratiae
1311 559 1552 613 sequester
1583 555 1690 603 fuit.
1724 568 1828 598 aere

183 628 372 672 conlato
401 629 647 672 funeratus
675 632 762 672 est.
793 628 965 671 Atilius
996 628 1218 684 Regulus,
1249 641 1353 671 cum
1386 627 1567 669 Poenos
1595 627 1643 668 in
1673 626 1829 669 Africa

266 769 307 800 Ν.
329 769 365 800 C.
391 786 425 791 -—
452 769 528 800 XII
548 770 580 800 4.
608 779 698 809 aquo
717 769 807 810 cepit
826 770 866 805 Α,
888 769 952 800 scd
971 778 993 799 ιι
1012 768 1096 800 add.
1119 777 1166 799 m.
1188 769 1220 799 2.

186 894 371 940 quelque
394 896 536 939 temps
560 895 597 930 le
623 895 780 940 negoce
805 895 828 930 a
853 894 1058 930 Athenes.
1091 894 1122 929 ΙΙ
1147 902 1413 937 οοῐηηῑοηςει,
1439 892 1546 927 dans
1571 894 1687 928 cette
1711 892 1828 935 ville,

185 962 265 998 par
289 954 378 990 etre
403 953 440 989 le
467 954 643 998 disciple
670 953 727 989 du
753 954 940 999 cynique
967 953 1131 996 Crates,
1159 952 1253 997 puis
1280 951 1338 988 du
1364 951 1612 997 megarique
1643 951 1829 996 Stilpon,

186 1012 303 1048 enfin
329 1013 381 1048 de
405 1013 727 1048 l’academicien
755 1013 975 1048 Polemon.
1005 1012 1110 1048 Mais
1138 1012 1244 1048 c’est
1270 1011 1328 1047 du
1354 1010 1546 1056 cynisme
1573 1010 1679 1056 qu'il
1705 1011 1828 1045 s’ins-

186 1072 280 1116 pira
305 1071 342 1108 le
369 1072 463 1116 plus
490 1082 542 1108 en
568 1071 754 1108 tondant
782 1072 927 1107 l'ecole
954 1072 1205 1107 stoiciennc.
1236 1070 1301 1107 On
1340 1070 1424 1106 sait
1458 1079 1542 1115 que
1568 1080 1614 1105 ce
1649 1072 1742 1105 mot
1777 1070 1830 1105 de

186 1131 366 1167 stoicien
397 1132 518 1167 vient
547 1131 599 1167 de
635 1135 724 1167 Στοὰ
755 1135 910 1175 Ποικίλη,
942 1131 1143 1176 portique
1171 1130 1273 1165 orne
1296 1129 1347 1165 de
1370 1129 1590 1174 peintures
1618 1129 1670 1165 de
1702 1129 1828 1175 Poly-

185 1192 356 1236 gnotos,
385 1190 441 1226 οὺ
468 1191 496 1226 il
525 1191 726 1236 enseigna
755 1190 950 1235 pendant
979 1190 1031 1226 58
1061 1198 1150 1225 ans.
1184 1190 1383 1225 Parvenu
1414 1189 1438 1224 a
1465 1198 1524 1223 un
1558 1189 1634 1234 age
1665 1189 1830 1224 avance

186 1270 239 1274 —
270 1249 323 1286 72
357 1257 434 1285 ans
467 1250 645 1285 suivant
676 1249 734 1285 les
767 1258 862 1292 uns,
896 1250 1075 1285 environ
1108 1249 1186 1284 100
1216 1255 1292 1283 ans
1319 1249 1499 1284 suivant
1519 1247 1578 1283 les
1600 1249 1746 1283 autres
1777 1268 1831 1272 —

185 1309 214 1344 il
240 1309 427 1344 termina
454 1309 821 1345 volontairement
855 1318 902 1344 sa
937 1309 1006 1344 vie
1038 1318 1088 1344 en
1120 1316 1163 1344 se
1185 1309 1367 1343 laissant
1389 1307 1551 1343 mourir
1567 1307 1828 1342 d'inanition

185 1368 258 1413 (cf.
286 1368 410 1414 Diog.
437 1369 594 1404 Laerce
619 1369 705 1404 VII
729 1369 888 1414 28-29).
917 1369 979 1404 De
1004 1376 1068 1404 ses
1094 1368 1237 1410 ecrits,
1263 1376 1406 1403 aucun
1432 1376 1484 1402 ne
1509 1374 1617 1402 nous
1642 1368 1708 1402 est
1733 1375 1831 1410 par-

186 1437 314 1463 venu.
341 1427 397 1464 Sa
420 1427 623 1473 frugalite
647 1428 756 1464 e'tait
780 1428 1066 1473 proverbiale.
1101 1448 1155 1452 ——
1211 1427 1265 1463 Vt
1288 1436 1375 1462 non
1403 1436 1411 1461 :
1448 1437 1463 1459 «
1484 1434 1583 1461 sans
1609 1435 1693 1471 que
1718 1436 1747 1468 »‚
1772 1425 1829 1460 cf.

187 1487 271 1524 Cic.
312 1487 430 1523 Tusc.
467 1487 484 1522 I
516 1488 580 1531 11,
611 1488 663 1523 23
695 1498 703 1522 :
736 1499 750 1521 «
773 1487 829 1531 Si,
862 1489 905 1523 ut
933 1487 1019 1523 ista
1047 1497 1131 1522 non
1161 1486 1443 1529 disserantur,
1474 1485 1646 1520 liberari
1677 1485 1830 1520 mortis

186 1548 308 1583 metu
328 1554 571 1591 possumus.
597 1558 612 1580 »
650 1547 762 1592 Qum
784 1556 809 1581 a
829 1547 944 1582 aussi
965 1557 1010 1582 ce
1031 1556 1142 1589 sens,
1166 1546 1288 1590 apres
1310 1555 1394 1581 une
1414 1554 1587 1589 propos.
1612 1544 1830 1589 negative,

186 1606 240 1642 cf.
258 1605 352 1642 Ter.
374 1605 486 1641 Eun.
506 1606 627 1642 1092:
646 1617 660 1640 «
684 1606 936 1652 Numquam
952 1606 1085 1642 etiarn
1101 1606 1116 1651 (
1130 1622 1167 1635 =
1189 1606 1344 1651 jamais
1362 1604 1532 1648 encore)
1548 1604 1610 1640 fui
1626 1611 1830 1649 usquam,

186 1665 289 1712 quin
316 1675 385 1701 me
413 1668 609 1701 amarent
639 1674 786 1701 omnes
815 1666 1064 1710 plurimum.
1090 1677 1105 1698 »

273 1726 311 1762 5.
345 1745 400 1749 —
458 1725 680 1761 Menenius
704 1725 889 1771 Agrippa
915 1735 923 1760 :
949 1724 1054 1760 c'est
1077 1725 1115 1760 le
1141 1724 1305 1760 celebre
1331 1723 1479 1759 consul
1503 1723 1714 1767 patricien
1739 1723 1829 1767 qui,

186 1784 270 1820 lors
296 1785 348 1820 de
373 1784 415 1820 la
439 1785 650 1820 secession
675 1785 918 1830 legendaire
944 1784 996 1820 de
1020 1784 1062 1819 la
1087 1784 1211 1829 plebe
1235 1791 1308 1819 sur
1332 1783 1370 1818 le
1397 1783 1519 1818 Mont
1542 1782 1669 1818 Sacre
1692 1781 1829 1827 (494),

186 1846 258 1880 sut
281 1843 483 1889 l'apaiser
507 1846 550 1880 et
573 1844 613 1879 la
638 1844 872 1889 persuader
897 1853 976 1888 par
996 1843 1266 1888 l’apologue:
1291 1842 1373 1878 Les
1397 1841 1605 1879 Membres
1623 1843 1660 1877 et
1678 1840 1830 1877 l’Esto-

185 1913 289 1939 mac.
319 1903 381 1940 Cf.
409 1903 632 1939 Tite-Live
661 1903 703 1939 11
728 1903 854 1939 32-33
878 1906 920 1939 et
940 1903 1034 1938 Val.
1060 1903 1173 1938 Max.
1196 1902 1254 1938 IV
1269 1903 1308 1945 4,
1325 1901 1364 1937 2.
1395 1921 1450 1926 —-
1508 1901 1616 1937 Aere
1632 1901 1829 1936 conlato:

187 1962 340 2006 «Huic,
353 1963 580 2008 interpreti
596 1963 847 2008 arbitroque
860 1962 1116 1998 concordiae
1131 1962 1306 2005 ciuium,
1320 1961 1463 2006 legato
1478 1961 1659 1996 Patrum
1672 1960 1728 1995 ad
1744 1960 1831 2004 ple-

187 2022 530 2066 bem,reduct0ri
547 2022 682 2068 plebis
706 2023 931 2058 Romanae
945 2022 989 2058 in
1006 2022 1182 2063 Vrbem,
1204 2023 1405 2065 sumptus
1424 2020 1575 2055 defuit.
1595 2019 1756 2055 Extulit
1778 2040 1832 2043 —-

186 2091 286 2128 voy.
316 2082 358 2118 ΙΙ
382 2082 406 2117 4
430 2091 501 2117 ma
524 2084 626 2118 note
649 2092 722 2117 sur
744 2082 929 2118 extulisti
951 2101 1006 2106 —
1027 2091 1122 2117 eum
1145 2081 1259 2126 plebs
1283 2079 1542 2115 sextantibus
1566 2079 1752 2124 (sextans
1787 2095 1825 2107 z

186 2141 231 2186 ll.
249 2141 302 2177 de
319 2141 417 2186 l'as)
436 2141 610 2177 conlatis
639 2141 684 2177 in
712 2141 865 2187 capita.
892 2154 907 2175 »
936 2140 1180 2186 (Tite-Livc
1203 2139 1246 2175 II
1265 2139 1333 2183 33,
1354 2139 1440 2184 10.)
1475 2158 1530 2163 —
1588 2138 1829 2173 Funeratus

186 2205 251 2236 est
276 2211 284 2235 :
312 2211 327 2234 «
349 2209 404 2235 on
429 2200 596 2236 celebra
619 2210 684 2236 ses
709 2200 954 2236 funerailles
979 2200 1146 2245 (sunus)
1172 2211 1199 2234 ».
1227 2199 1282 2235 Ce
1306 2198 1436 2234 verbe
1461 2197 1714 2242 appartient
1739 2197 1763 2232 a
1787 2196 1830 2231 la

187 2260 344 2305 langue
363 2259 416 2295 de
435 2259 657 2304 l’Empire,
678 2260 732 2295 cf.
758 2260 799 2295 II
820 2260 843 2296 5
863 2262 906 2296 et
927 2259 1044 2296 Suet.
1072 2259 1226 2295 Domit.
1251 2258 1382 2293 XVII
1405 2268 1412 2292 :
1435 2268 1450 2291 «
1473 2257 1668 2292 Cadauer
1687 2256 1823 2291 eius...

189 2318 352 2364 Phyllis
367 2319 517 2354 nutrix
531 2319 574 2354 in
589 2320 841 2355 suburbano
855 2328 933 2354 suo
949 2319 1107 2354 Latina
1122 2319 1194 2354 uia
1207 2317 1437 2363 funerauit.
1463 2328 1478 2349 ›>
1508 2336 1563 2340 —
1625 2316 1828 2360 Regulus:

188 2377 353 2414 celebre
378 2387 456 2423 par
487 2388 534 2414 sa
558 2378 724 2414 fidelite
750 2379 774 2414 a
798 2379 839 2414 la
864 2378 1010 2423 parole
1035 2378 1203 2413 donnee
1227 2388 1237 2419 ;
1268 2377 1321 2412 cf.
1350 2376 1434 2412 Cic.
1466 2376 1527 2411 De
1558 2375 1655 2410 Fin.
1688 2375 1729 2410 II
1756 2375 1823 2417 20,

188 2437 241 2473 65
263 2439 307 2473 et
338 2437 399 2473 De
429 2436 511 2482 ΟῘῙ.
545 2438 612 2473 111
638 2438 705 2481 26,
733 2438 798 2473 99.
828 2438 889 2473 La
914 2438 1054 2473 meme
1081 2436 1293 2472 anecdote
1311 2444 1419 2471 nous
1439 2438 1503 2471 est
1522 2435 1726 2470 racontee
1752 2443 1829 2478 par

189 2497 381 2533 d'autres
416 2496 653 2540 ecrivains3
688 2497 740 2532 cf.
777 2497 871 2532 Val.
909 2496 1023 2532 Max.
1064 2496 1123 2531 IV
1157 2497 1195 2539 4,
1229 2495 1254 2530 6
1284 2506 1292 2530 :
1329 2494 1623 2530 «Consulibus
1658 2493 1829 2537 scripsit

188 2556 365 2592 uilicum
386 2556 430 2591 in
452 2556 632 2601 agello...
656 2558 878 2592 mortuum
901 2563 1005 2599 esse,
1028 2556 1386 2600 occasionemque
1407 2555 1618 2591 nanctum
1640 2561 1828 2587 mercen-

188 2615 359 2651 narium
385 2617 533 2650 amoto
557 2615 657 2650 inde
683 2615 844 2651 rustico
869 2615 1162 2651 instrumento
1189 2614 1446 2657 discessisse,
1472 2613 1655 2657 ideoque
1682 2613 1828 2655 petere

188 2677 239 2710 ut
265 2674 347 2710 sibi
374 2682 592 2710 successor
618 2674 882 2718 mitteretur,
912 2683 964 2710 ne
994 2673 1164 2710 deserto
1193 2682 1294 2718 agro
1323 2682 1409 2708 non
1437 2674 1548 2708 esset
1576 2671 1690 2705 unde
1718 2679 1827 2704 uxor

190 2743 240 2769 ac
273 2733 396 2770 liberi
433 2733 498 2768 sui
534 2733 763 2769 alerentur.
792 2745 806 2767 ι)
842 2733 903 2769 Cf.
942 2742 1094 2769 encore
1122 2733 1360 2776 Tite-Live,
1392 2730 1575 2768 Perioch.
1609 2729 1764 2764 XVIII
1785 2732 1827 2764 et

190 2793 368 2838 Apulee,
399 2792 522 2838 Apol.
552 2792 706 2828 XVIII
731 2793 814 2837 (ed.
843 2792 1021 2837 Helm.),
1047 2795 1089 2828 et
1113 2801 1213 2838 voy.
1245 2791 1400 2827 Introd.
1421 2792 1440 2835 ξ
1464 2791 1529 2825 34.
1564 2809 1617 2813 -—
1677 2789 1826 2823 Cum...

191 2853 355 2889 Poenos
377 2852 597 2887 tunderet:
621 2861 673 2887 en
693 2852 781 2887 l'an
802 2852 898 2894 256,
920 2861 1031 2897 pour
1052 2851 1317 2896 parachever
1337 2851 1377 2886 la
1401 2849 1580 2885 victoire
1602 2847 1755 2882 navale
1774 2847 1826 2881 de

193 2911 327 2957 Myles
362 2911 495 2956 (260),
534 2911 723 2956 Regulus
760 2913 803 2946 et
839 2920 917 2946 son
954 2910 1160 2956 collegae,
1196 2911 1234 2945 le
1270 2909 1419 2945 consul
1457 2907 1640 2944 Manlius
1678 2907 1826 2949 Vulso,

189 2970 537 3016 transporterent
561 2979 613 3005 en
638 2970 818 3015 Afrique
844 2970 896 3005 40
918 2970 998 3005 000
1023 2970 1188 3005 soldats
1212 2978 1285 3004 sur
1309 2969 1389 3004 330
1413 2967 1587 3013 galereS.
1616 2965 1750 3010 Apres
1774 2965 1828 3000 de

1932 491 1971 525 51
