2195 3345
372 269 485 302 LXVI
1010 267 1371 300 INTRODUCTION

459 388 686 446 Seneque,
704 388 850 438 enfin,
867 387 1104 431 invective
1123 390 1284 431 contre
1301 386 1624 431 l’immoralite
1638 387 1695 430 de
1714 399 1799 430 son
1818 387 2016 443 epoque.

372 460 435 504 lci
457 473 641 511 encore,
658 460 691 502 il
714 472 771 502 ne
794 459 886 502 fait
908 471 997 515 que
1015 458 1170 501 suivre
1187 458 1435 516 l’exemple
1459 458 1541 502 des
1554 458 1784 502 rheteurS.
1801 457 2018 501 L’imita-

367 531 469 574 tion
488 535 563 575 est
579 531 928 575 extremement
945 530 1199 586 frappante
1219 543 1277 573 en
1299 543 1348 573 ce
1371 529 1451 586 qui
1472 542 1698 573 concerne
1717 529 1784 572 les
1803 529 2016 572 femmes.

368 602 579 659 seneque
621 603 720 645 leur
761 601 984 658 reproche
1026 601 1125 645 leur
1166 601 1434 644 effronterie
1459 615 1469 644 :
1514 615 1532 643 «
1555 601 1706 644 Tanta
1734 599 2015 656 seminarum

366 674 624 730 petulantia
646 687 664 715 ι»
684 673 830 730 (ΧΙΧ
849 673 912 729 2),
935 673 1035 716 leur
1055 672 1339 729 maquillage
1361 676 1412 715 et
1431 672 1553 715 leurs
1574 671 1783 715 artifices
1804 671 1860 713 de
1883 683 2018 714 cour·

366 745 544 788 tisanes
563 760 573 788 :
599 744 868 790 «Coloribus
889 757 941 788 uc
961 744 1203 789 lenociniis
1226 758 1243 786 »
1264 743 1402 800 (XVI
1423 743 1486 799 4),
1508 743 1793 800 l’impudeur
1815 742 1871 785 de
1893 741 2018 785 leurs

366 817 578 860 toilettes
613 819 1000 873 transparentes:
1039 829 1058 858 «
1084 816 1232 861 Vestis
1266 827 1381 872 quae
1414 814 1538 858 nihil
1572 814 1775 871 amplius
1809 812 2016 863 nudaret,

367 900 472 932 curn
496 890 777 945 poneretur»
803 887 975 945 (ibid).
1003 888 1129 931 Tous
1157 900 1232 930 ces
1259 886 1400 929 traits
1426 886 1483 928 de
1510 898 1687 928 moeurs
1714 898 1761 928 se
1789 886 2019 927 trouvent

366 959 478 1016 dej&
520 960 639 1002 dans
681 973 746 1003 un
789 960 1001 1003 discours
1043 960 1100 1002 de
1144 959 1323 1002 Latron
1343 958 1360 983 1
1404 971 1414 1000 ε
1461 970 1479 999 «
1499 956 1707 1006 Prodite,
1750 958 2014 1006 matronae,

368 1031 523 1074 fronte
559 1031 610 1074 in
641 1044 772 1075 omne
802 1031 1083 1075 lenocinium
1114 1029 1392 1086 composita,
1426 1027 1568 1085 paulo
1597 1027 1837 1070 obscurius
1881 1038 2019 1083 quam

369 1103 523 1158 positu
546 1104 667 1147 ueste
688 1102 840 1146 nudae
855 1103 886 1153 ²,
912 1102 1138 1159 exquisito
1163 1101 1214 1144 in
1237 1113 1391 1144 omnes
1413 1099 1603 1156 lucetius
1624 1110 1841 1142 sermone.
1866 1110 1885 1139 »

445 1232 454 1249 ¹
474 1229 593 1261 Conlr.
724 1230 758 1261 4.

443 1283 457 1304 2
474 1283 528 1315 Cf.
541 1229 871 1315 encggfiabianus
883 1283 1018 1322 (Contr.
1036 1282 1071 1314 11
1084 1282 1117 1320 5,
1131 1281 1168 1321 7)
1180 1291 1187 1313 :
1201 1291 1214 1311 ο
1226 1282 1461 1321 ...uestemque
1471 1279 1566 1311 nihil
1580 1280 1619 1310 in
1632 1278 1795 1310 matrona
1808 1277 1988 1309 tecturam.
2002 1286 2016 1307 ο
