2195 3345
469 172 497 216 4
783 188 826 219 L.
852 187 1017 221 ANNAEI
1044 189 1239 223 SENECAE
1264 192 1585 227 DIALOGORUM
1612 195 1704 228 LIB.
1732 197 1801 229 XII

467 303 763 348 haesitabam
782 306 1088 364 uerebarque,
1111 321 1167 351 ne
1189 309 1305 353 haec
1323 323 1418 354 non
1438 313 1697 356 consolatio
1717 319 1856 365 esset,
1877 317 1957 360 sed
1977 317 2108 361 exul-

389 388 426 418 ·.
467 374 659 418 ceratio.
698 376 835 430 Quid,
872 378 998 434 quod
1034 379 1170 422 nouis
1202 380 1360 424 uerbis
1394 395 1479 426 nec
1513 396 1575 426 ex
1595 384 1775 440 uolgari
1795 389 1846 429 et
1865 387 2103 432 cotidiana

464 446 668 502 sumptis
691 447 992 492 adlocutione
1017 462 1137 506 opus
1160 455 1265 494 erat
1289 452 1467 496 homini
1491 455 1552 498 ad
1579 456 1890 501 consolandos
1914 471 2022 503 suos
2044 472 2107 504 ex

463 516 564 572 ipso
597 529 707 573 rogo
742 523 888 576 caput
918 520 1161 564 adleuanti
1188 522 1213 565 ‘l
1242 524 1396 567 omnis
1426 529 1588 568 autem
1620 528 1899 584 magnitudo
1932 529 2106 575 doloris

462 588 657 632 modum
698 591 970 634 excedentis
1011 605 1197 636 necesse
1239 598 1313 638 est
1353 596 1579 640 dilectum
1621 598 1874 642 uerborum
1916 601 2102 658 eripiat,

413 692 422 700 .
462 671 569 702 cum
588 672 726 717 saepe
745 673 910 704 uocem
931 676 1117 720 quoque
1136 665 1289 721 ipsam
1307 666 1612 711 intercludat.
1633 669 1900 728 Vtcumque
1920 671 2103 716 conitar

461 743 555 772 non
600 731 772 775 fiducia
813 733 1001 790 ingenii,
1045 736 1125 779 sed
1170 737 1279 793 quia
1322 750 1513 794 possum
1555 739 1706 783 instar
1745 741 2100 787 efficacissimae

460 802 794 847 consolationis
820 817 917 848 esse
945 806 1042 862 ipse
1071 808 1353 851 consolator.
1383 809 1465 852 Cui
1493 809 1610 852 nihil
1635 823 1842 868 negares,
1871 813 1980 857 huic
2011 814 2101 858 hoe

458 873 622 930 utique
653 877 699 916 te
731 887 824 917 non
854 890 952 920 esse
982 882 1277 934 negaturam,
1309 880 1419 923 licet
1446 881 1600 924 omnis
1628 895 1811 926 maeror
1840 888 2102 928 contumax

457 944 533 995 sit,
555 958 705 1001 spem,
726 950 783 989 ut
801 947 1029 991 desiderio
1050 953 1133 993 tuo
1154 951 1271 993 uelis
1289 964 1315 993 a
1336 964 1410 994 me
1430 952 1624 995 modum
1645 955 1809 997 statui.

546 1015 606 1059 ΙΙ.
643 1043 687 1047 -
719 1018 835 1061 Vide
864 1023 1097 1076 quantum
1124 1021 1181 1064 de
1208 1022 1501 1078 indulgentia
1528 1026 1613 1066 tua
1640 1025 1933 1080 promiserim
1951 1027 2097 1071 mihi:

454 1088 771 1143 potentiorem
803 1103 876 1133 me
906 1092 1121 1134 futurum
1152 1094 1279 1149 apud
1311 1097 1357 1136 te
1390 1107 1483 1137 non
1514 1095 1681 1138 dubito
1714 1109 1857 1153 quam
1887 1097 2095 1142 dolorem

453 1161 606 1209 tuum,
635 1172 726 1215 quo
752 1161 868 1204 nihil
891 1166 964 1205 est
986 1164 1114 1219 apud
1140 1165 1333 1207 miseros
1358 1166 1601 1221 potentius
1626 1182 1636 1217 ;
1660 1167 1823 1224 itaque
1848 1181 1905 1212 ne
1929 1169 2095 1213 statim

530 1309 570 1342 N.
593 1310 628 1342 C.
654 1328 687 1332 —
715 1311 731 1343 1
749 1311 781 1343 3.
809 1312 1002 1343 excedentis
1021 1313 1052 1343 A
1071 1322 1080 1350 3
1100 1313 1206 1344 malit
1225 1312 1336 1345 Gertz
1359 1315 1524 1346 excedens
1551 1315 1598 1346 ad
1622 1317 1832 1355 magnitudo
1857 1317 2028 1350 relatum.
2052 1336 2088 1340 —-

457 1364 493 1395 II
512 1365 542 1395 1.
571 1373 615 1395 ne
635 1365 667 1395 A
686 1374 694 1402 3
717 1373 778 1396 nee
798 1374 881 1396 cum
902 1374 975 1396 uno
998 1365 1030 1396 D
1052 1365 1196 1405 Lipsius
1217 1368 1254 1398 et
1276 1366 1396 1398 Gertz.

537 1504 574 1540 3.
608 1525 661 1529 —
692 1505 976 1541 Adlocutione
1023 1506 1271 1553 (παραμυθία)
1327 1525 1362 1536 z
1405 1518 1419 1540 «
1440 1507 1718 1543 consolatione
1741 1521 1770 1551 »,
1819 1509 1872 1544 cf.
1921 1509 2088 1546 Varron

450 1564 534 1608 (De
560 1563 685 1609 Linq.
715 1564 805 1599 Lat.
836 1565 897 1600 VI
926 1565 968 1609 7)
998 1575 1006 1600 :
1037 1565 1183 1602 «Hinc
1211 1566 1447 1601 adlocutum
1474 1566 1673 1601 mulieres
1699 1565 1761 1600 ire
1789 1567 1929 1608 aiunt,
1957 1578 2090 1611 quom

450 1625 554 1659 eunt
571 1624 627 1658 ad
643 1623 831 1668 aliquem
848 1623 991 1659 locum
1008 1625 1253 1660 consolandi
1269 1635 1410 1660 causa.
1436 1636 1450 1658 »
1467 1626 1625 1660 Autres
1643 1623 1860 1669 exemples
1879 1634 1888 1660 :
1907 1623 2089 1668 Catulle,

450 1683 588 1719 Cat-m.
622 1683 872 1719 XXXVIII
903 1684 925 1719 5
957 1695 965 1719 :
998 1695 1012 1716 «
1036 1685 1130 1729 Qua
1160 1684 1325 1720 solatus
1356 1693 1400 1719 es
1430 1683 1692 1719 adlocutione
1718 1681 1738 1717 ?
1761 1694 1775 1717 »
1803 1685 1847 1719 et
1877 1683 2087 1730 seneque,

455 1743 603 1778 Troad.
627 1743 708 1778 619
732 1753 740 1777 :
766 1754 780 1776 «
804 1743 1010 1779 Parentes
1033 1744 1201 1789 adloqui
1222 1744 1266 1778 in
1288 1744 1409 1779 luctu
1432 1743 1569 1778 decet.
1595 1754 1609 1777 »
1639 1763 1695 1767 —
1755 1743 1819 1778 Ex
1837 1742 1930 1788 ipso
1949 1752 2054 1789 rouo
2075 1754 2084 1779 ε

446 1801 562 1838 voila
586 1802 660 1848 qui
683 1801 851 1838 devoile
874 1802 999 1838 l'etat
1023 1803 1075 1838 de
1099 1803 1295 1848 Seneque
1319 1812 1373 1838 au
1398 1803 1536 1838 debut
1559 1802 1612 1837 de
1632 1801 1763 1837 l'exil.
1788 1802 1900 1848 Voy.
1927 1802 2084 1839 Introd.

455 1862 474 1905 ξ
509 1862 546 1897 8.
579 1882 633 1886 —-
694 1862 946 1897 Excedentis
983 1872 991 1896 :
1028 1862 1135 1897 c'est
1169 1862 1211 1897 la
1244 1862 1366 1907 lecon
1402 1862 1460 1897 du
1495 1860 1690 1897 meilleur
1722 1860 1963 1898 manuscrit
1995 1862 2085 1908 (A).

447 1921 576 1957 Gertz
593 1920 844 1965 prefererait
862 1922 1054 1956 excedens
1071 1932 1115 1957 se
1131 1923 1393 1966 rapportant
1412 1921 1436 1957 a
1453 1920 1713 1966 magnitudo.
1733 1919 1841 1957 Mais
1858 1921 2087 1958 excedentis

445 1990 489 2015 se
512 1980 671 2015 defend
691 1981 779 2016 tres
804 1980 914 2015 bien.
940 1981 1048 2026 Voy.
1072 1981 1114 2016 la
1136 1983 1238 2016 note
1261 1990 1334 2016 sur
1355 1991 1468 2016 noua
1487 1979 1595 2025 (VII
1618 1980 1673 2024 5).

528 2040 566 2075 4.
599 2060 654 2064 —
680 2041 921 2086 Vtcumque
955 2051 962 2074 :
997 2041 1050 2075 cf.
1094 2042 1113 2085 ἓ
1146 2041 1165 2075 1
1202 2043 1245 2076 et
1276 2040 1318 2075 la
1350 2042 1466 2076 note.
1500 2061 1555 2064 —
1616 2039 1691 2076 Cui
1721 2039 1874 2075 nihil...
1907 2040 2041 2076 statui
2075 2051 2084 2075 2

444 2099 684 2134 construire
721 2109 729 2134 :
768 2110 782 2132 «
806 2099 938 2144 Spero
974 2100 1088 2143 huic,
1125 2100 1193 2134 cui
1228 2099 1335 2135 nihil
1370 2108 1548 2144 negares
1584 2099 1731 2144 (mode
1764 2098 1921 2144 irreel),
1956 2099 2082 2135 hoc...

444 2160 716 2204 negaturam,
744 2161 838 2194 ut...
868 2158 1018 2194 uelis...
1048 2160 1185 2195 statui
1209 2171 1237 2201 »,
1266 2159 1339 2194 hoc
1365 2161 1543 2194 servant
1571 2159 1595 2194 a
1622 2168 1841 2194 annoncer
1866 2157 1909 2194 la
1934 2159 2084 2194 subor-

444 2218 611 2254 donnee
645 2221 950 2263 commcncant
983 2228 1062 2263 par
1097 2221 1153 2261 ut,
1189 2218 1242 2254 cf.
1280 2218 1387 2254 illud
1419 2218 1525 2264 (VII
1559 2218 1614 2263 5).
1648 2239 1703 2243 —
1756 2217 1911 2264 Vtique
1945 2228 1954 2254 :
1989 2228 2006 2252 α
2027 2228 2082 2254 au

442 2277 597 2320 moins,
621 2287 673 2313 en
694 2280 795 2313 tout
819 2287 889 2313 cas
913 2289 941 2321 »‚
964 2278 1018 2313 cf.
1048 2279 1109 2315 De
1134 2278 1237 2313 Ben.
1267 2278 1334 2313 III
1357 2278 1424 2321 29,
1448 2278 1472 2313 3
1497 2288 1505 2312 ;
1531 2288 1546 2311 (ι
1570 2277 1836 2323 Quidquid...
1861 2279 1941 2321 est,
1965 2279 2083 2324 quod

443 2337 516 2373 det
537 2337 651 2382 patri
672 2336 803 2380 filius,
827 2338 966 2383 utique
987 2337 1128 2373 minus
1151 2339 1230 2379 est,
1253 2337 1355 2383 quia
1376 2338 1489 2373 hanc
1508 2337 1648 2382 ipsam
1670 2335 1803 2372 dandi
1823 2336 2082 2373 facultatem

441 2396 557 2441 patri
586 2397 728 2432 debet.
755 2408 769 2431 ›>
796 2418 852 2422 —-
890 2397 1006 2433 Licet
1036 2407 1045 2431 z
1076 2407 1122 2433 ce
1151 2399 1244 2433 mot
1274 2397 1363 2442 qui,
1393 2397 1500 2432 dans
1528 2396 1570 2432 la
1597 2405 1722 2441 prose
1751 2395 1979 2442 classique,
2017 2398 2083 2433 est

440 2465 594 2492 encore
623 2466 709 2492 une
738 2455 876 2492 forme
906 2455 1095 2499 verbale,
1128 2459 1193 2504 est
1222 2456 1310 2492 tres
1342 2458 1543 2498 souvent‚
1565 2465 1664 2491 sous
1684 2455 1910 2500 l’Empire,
1930 2455 2082 2502 l’equi-

439 2515 589 2552 valent
617 2515 747 2551 d’une
773 2515 893 2551 vraie
920 2514 1200 2561 conj0nction
1227 2516 1295 2560 (=
1326 2525 1581 2561 quanquam,
1620 2515 1815 2560 tametsi),
1853 2514 2081 2561 frequente

438 2575 542 2611 chez
571 2575 768 2621 seneque
797 2576 889 2620 (Ad
917 2576 1011 2612 Hel.
1044 2576 1086 2612 X
1116 2575 1140 2611 6
1167 2586 1177 2618 ;
1212 2576 1274 2612 De
1307 2575 1411 2611 Ben.
1447 2575 1489 2611 ΙΙ
1518 2575 1586 2617 32,
1616 2575 1636 2610 1
1663 2585 1673 2618 ;
1706 2575 1787 2620 Ερ.
1824 2574 1890 2610 ΙΧ
1917 2574 1984 2611 20.
2015 2574 2078 2611 Cf.

443 2635 511 2670 Ad
533 2635 627 2671 Hel.
654 2635 721 2671 XI
744 2635 784 2678 3,
808 2635 863 2671 ou
887 2635 979 2671 licet
1001 2645 1025 2670 a
1050 2635 1181 2680 garde
1203 2643 1281 2670 son
1305 2644 1401 2670 sens
1424 2633 1602 2677 verbal).
1635 2655 1691 2658 —
1747 2634 1926 2670 Modum
1949 2643 1959 2670 ε
1994 2643 2080 2670 une

437 2695 511 2730 des
539 2694 797 2740 principales
824 2694 1252 2730 recommandations
1280 2695 1353 2730 des
1381 2693 1675 2730 consolateurs
1703 2695 1768 2729 est
1795 2693 1849 2729 de
1872 2691 2080 2739 reprimet

437 2754 496 2789 les
521 2754 645 2789 exces
671 2754 724 2789 de
746 2753 788 2789 la
813 2754 1005 2790 douleur.
1030 2754 1141 2799 Voy.
1168 2754 1277 2790 XVI
1302 2754 1322 2789 1
1349 2756 1392 2790 et
1414 2753 1453 2789 le
1477 2752 1799 2789 commentaire.

519 2813 574 2849 11.
613 2814 649 2849 1.
682 2834 738 2838 -—
767 2813 1038 2859 Indulgentia
1076 2830 1114 2843 =
1149 2824 1164 2847 α
1185 2812 1394 2849 affection
1418 2824 1447 2856 »,
1475 2812 1529 2848 cf.
1561 2813 1676 2849 XIX
1703 2812 1728 2848 2
1757 2814 1801 2848 et
1833 2812 1902 2848 Ad
1930 2811 2075 2858 Polyb.

440 2874 505 2909 IX
522 2874 558 2909 1.
579 2874 646 2910 On
660 2875 819 2910 trouve
835 2872 964 2916 aussi,
982 2882 1088 2909 avec
1103 2882 1162 2908 un
1180 2880 1276 2908 sens
1293 2871 1448 2916 voisin‚
1464 2871 1503 2908 le
1515 2882 1556 2908 v.
1573 2871 1884 2917 indulqere(De
1901 2870 2074 2907 Prouid.

440 2933 483 2968 II
507 2933 564 2977 5),
586 2933 708 2978 l'adj.
736 2933 958 2978 indulgens
982 2932 1072 2977 (Ad
1096 2932 1188 2968 Hel.
1219 2932 1261 2967 II
1284 2932 1328 2977 4)
1353 2934 1396 2968 et
1418 2931 1552 2968 l'adv.
1580 2931 1842 2977 indulgenter
1864 2930 1956 2976 (Ad
1978 2929 2073 2967 Hel.
