2154 3377
365 196 426 227 AD
461 195 679 226 HELVIAM
713 194 913 226 MATREM
952 194 1012 224 nl«)
1044 194 1424 227 CONSOLATloNE.
1454 195 1587 225 Xl-Xll
1742 184 1797 226 (37

156 314 402 358 ueniamus
435 314 496 357 ad
531 312 813 369 locupletes:
851 324 991 367 quam
1033 311 1181 354 multa
1218 314 1430 367 tempora
1467 315 1592 358 sunt,
1630 313 1799 369 quibus

157 385 443 442 pauperibus
489 383 662 426 similes
707 383 837 425 sint!
886 381 1194 424 Circumcisae
1242 385 1355 424 sunt
1401 382 1796 438 peregrinantium

156 456 364 499 sarcinae
395 459 458 503 et,
493 454 710 511 quotiens
740 453 1091 496 festinationem
1136 453 1388 495 necessitas
1418 453 1597 495 itineris
1626 455 1797 507 exegit.

156 527 384 570 comitum
415 525 554 569 turba
585 524 846 567 dimittitur
871 539 881 574 ;
912 524 1172 566 militantes
1203 527 1398 580 quotam
1430 527 1613 580 partem
1646 538 1796 567 rerum

157 610 348 641 suarum
393 610 549 640 secum
596 595 788 642 habent,
835 608 940 638 cum
986 608 1172 637 omnem
1219 599 1502 651 apparatum
1551 597 1800 638 castrensis

157 668 402 725 disciplina
433 671 733 710 summoueat
753 666 776 709 ‘2
808 667 905 710 Nec
934 669 1124 709 tautum
1155 666 1366 709 condicio
1399 666 1500 708 illos
1531 671 1796 723 temporum

158 743 244 782 aut
270 739 478 782 locorum
509 738 665 794 inopia
696 737 982 794 pauperibus
1022 740 1262 793 exaequat
1293 752 1302 780 :
1344 742 1541 780 sumunt
1569 739 1797 794 quosdam

158 809 271 860 dies,
310 822 415 852 cum
453 809 546 852 iam
585 809 686 851 illos
721 808 997 852 diuitiarum
1035 808 1246 851 taedium
1284 808 1423 864 cepit,
1463 809 1634 864 quibus
1672 810 1799 852 humi

157 885 326 924 cenent
340 884 390 924 et
405 884 585 923 remoto
602 893 716 923 auro
733 883 1022 935 argentoque
1038 879 1267 922 fictilibus
1282 882 1498 922 utantur.
1518 880 1770 923 Dementes
1792 881 1800 923 !

158 953 261 1002 hoc,
292 952 418 1008 quod
448 951 702 1008 aliquando
734 951 1089 1007 concupiscunt,
1119 963 1302 1006 semper
1331 951 1519 993 timent.
1552 952 1590 994 Ο
1621 956 1797 1008 quanta

162 1100 326 1135 manite
356 1100 428 1146 qui
458 1099 679 1145 comprend
711 1099 766 1134 les
797 1109 974 1144 pauvres
1000 1110 1025 1134 ».
1060 1099 1171 1144 Voy.
1204 1099 1245 1134 la
1277 1102 1379 1134 note
1410 1108 1482 1134 sur
1513 1100 1797 1135 multitudinis

160 1159 240 1204 (VI
268 1159 324 1204 4).
357 1179 411 1184 —
470 1159 757 1203 Pauperum...
787 1159 990 1194 diuitibus
1021 1169 1028 1194 :
1058 1158 1208 1194 c’etait
1234 1167 1293 1194 un
1320 1158 1404 1194 lieu
1433 1168 1635 1194 commun
1663 1160 1799 1204 philo-

160 1218 372 1263 sophique
396 1220 440 1254 et
464 1217 650 1253 oratoire
675 1227 757 1263 que
783 1226 850 1253 ces
876 1217 1198 1262 comparaisons
1224 1220 1345 1254 entre
1370 1218 1505 1254 riches
1532 1221 1574 1255 et
1598 1228 1797 1264 pauvres,

160 1277 214 1313 cf.
257 1278 455 1320 petrone,
497 1276 689 1312 XLVIII
731 1277 754 1312 5
796 1287 804 1312 ε
852 1288 867 1310 «
889 1277 1060 1322 Pauper
1099 1278 1142 1312 et
1180 1276 1301 1313 diues
1337 1277 1500 1313 inimici
1539 1280 1676 1314 erant.
1702 1291 1716 1312 »
1746 1299 1800 1303 ——

157 1336 332 1372 Notabis
357 1347 365 1372 ε
390 1339 532 1372 notare
554 1337 589 1381 («
611 1345 828 1382 marquer,
852 1339 978 1372 noter
1001 1336 1033 1381 »)
1058 1336 1194 1381 prend
1218 1336 1325 1372 dans
1348 1337 1390 1372 la
1412 1337 1567 1383 langue
1592 1338 1643 1373 de
1665 1337 1799 1373 l'Em-

161 1396 251 1441 pire
273 1395 311 1431 le
333 1403 429 1432 sens
452 1395 841 1439 d’animaduertere,
865 1396 920 1431 cf.
947 1395 1053 1431 XVI
1077 1396 1115 1439 7,
1139 1398 1182 1432 et
1205 1396 1326 1432 deDe
1354 1396 1491 1433 Consi.
1517 1397 1559 1433 X
1580 1397 1618 1433 2.
1646 1397 1800 1434 Notare

163 1455 284 1491 avait
311 1455 527 1491 d’ailleurs
555 1455 662 1490 dans
690 1455 731 1490 la
757 1455 913 1500 langue
941 1454 999 1490 du
1026 1455 1141 1491 droit
1166 1465 1251 1491 une
1277 1455 1569 1501 signification
1594 1457 1682 1492 tres
1709 1457 1798 1491 voi-

164 1514 255 1550 sine
292 1514 345 1550 de
382 1514 483 1550 celle
521 1514 896 1550 d’animaduertere
935 1515 1024 1550 in...
1057 1535 1112 1539 -—
1166 1515 1316 1551 Nescio
1352 1525 1407 1551 an
1447 1526 1454 1550 :
1495 1517 1746 1560 «peut-etre
1771 1530 1798 1559 »‚

163 1581 260 1609 sens
276 1573 500 1619 classique.
517 1593 572 1598 —
591 1573 659 1609 Αη
682 1590 719 1603 --
740 1574 837 1619 (par
852 1574 965 1610 suite
982 1573 1033 1609 de
1048 1574 1229 1619 l'ellipse
1245 1575 1297 1610 de
1314 1575 1470 1619 utrum)
1487 1587 1502 1609 <‹
1516 1575 1594 1611 si...
1612 1585 1664 1611 ne
1680 1585 1798 1620 pas».

163 1633 329 1670 Parfois
361 1642 416 1669 on
445 1635 602 1669 trouve
629 1633 767 1669 nescio
796 1643 852 1668 αη
873 1642 978 1669 avec
1007 1633 1045 1669 le
1065 1641 1161 1669 sens
1183 1634 1516 1680 post-classique
1535 1634 1587 1670 de
1610 1645 1618 1670 τ
1641 1646 1656 1669 «
1676 1638 1800 1679 peut-

163 1694 297 1729 etre...
327 1701 457 1738 pas»,
489 1693 541 1728 cf.
574 1692 669 1729 sen.
700 1692 737 1728 le
768 1693 886 1736 pere,
919 1693 1055 1729 Conlr.
1090 1693 1107 1729 I
1136 1694 1175 1737 4,
1206 1694 1257 1730 10
1287 1705 1294 1729 :
1327 1694 1515 1730 «Nescio
1544 1704 1599 1730 αη
1629 1693 1799 1730 Graecis

163 1752 300 1788 nostri
326 1752 484 1788 cessuri
504 1751 604 1787 sint.
629 1763 644 1786 »

250 1811 288 1847 3.
321 1831 376 1836 —
433 1811 582 1856 Inopia
619 1822 627 1846 ε
663 1811 747 1847 abl.
785 1812 987 1847 Locorum
1021 1820 1064 1848 se
1099 1815 1319 1858 rapporte‚
1354 1822 1522 1848 comme
1556 1815 1800 1859 temporum,

165 1870 189 1906 a
214 1870 414 1907 condicio.
447 1891 502 1895 —
560 1871 720 1914 Quibus
746 1871 867 1907 humi
892 1875 1045 1907 cenent
1071 1882 1079 1907 :
1106 1871 1165 1907 les
1190 1872 1326 1908 riches
1353 1872 1562 1908 Romains
1587 1881 1630 1908 se
1655 1872 1800 1908 mena-

163 1929 349 1975 geaient‚
373 1929 480 1965 dans
501 1929 613 1965 leurs
635 1933 900 1975 somptueux
921 1930 1077 1974 honus,
1100 1940 1183 1966 une
1204 1931 1407 1977 pauperis
1428 1932 1543 1975 cella,
1568 1944 1582 1965 «
1603 1932 1644 1968 la
1664 1932 1801 1968 cham-

167 1989 232 2025 bre
253 1989 308 2024 du
329 1998 499 2034 pauore,
521 1989 579 2025 ou
599 1989 649 2025 ils
671 1998 714 2025 se
735 1990 960 2026 retiraient
982 1990 1006 2025 a
1028 1990 1080 2026 de
1101 1991 1287 2026 certains
1307 1991 1426 2036 jours
1447 2000 1557 2036 pour
1577 2001 1605 2037 y
1625 2000 1802 2037 manger

166 2048 190 2084 a
216 2050 345 2092 terre,
374 2048 482 2084 dans
512 2049 584 2084 des
613 2057 736 2085 vases
767 2049 958 2095 d'argile‚
987 2059 1097 2094 pour
1124 2060 1153 2096 y
1181 2050 1348 2096 gomer,
1377 2060 1429 2086 en
1458 2051 1643 2096 quelque
1670 2053 1800 2094 sorte,

165 2108 223 2144 les
242 2107 397 2144 delices
414 2108 649 2144 inconnues
669 2108 721 2144 de
737 2108 778 2144 la
795 2109 1017 2154 privation
1036 2111 1078 2145 et
1097 2109 1149 2145 de
1165 2109 1208 2145 la
1225 2110 1391 2146 misere.
1411 2121 1426 2144 »
1442 2110 1498 2155 (J.
1519 2110 1705 2155 Martha,
1724 2111 1801 2146 Les

166 2167 396 2204 moralistes
419 2178 516 2204 sous
543 2167 751 2213 l’Empz're
776 2178 877 2204 rom.
906 2177 946 2213 p.
973 2167 1065 2213 34);
1090 2169 1143 2204 cf.
1166 2169 1248 2215 Ep.
1268 2169 1425 2205 XVIII
1444 2170 1482 2214 7,
1502 2170 1531 2206 C
1548 2170 1596 2213 6;
1629 2170 1800 2206 Martial

169 2226 236 2262 111
253 2227 318 2263 48.
343 2226 453 2263 Chez
472 2237 570 2270 eUX‚
584 2236 650 2263 ces
670 2227 918 2264 recherches
939 2228 991 2264 de
1010 2229 1222 2273 pauvrete
1240 2229 1453 2265 n’etaient
1473 2229 1608 2275 qu'un
1626 2229 1801 2265 rassine-

166 2288 287 2322 ment
307 2286 359 2322 de
383 2286 520 2322 blases
543 2296 594 2322 en
624 2287 754 2332 quete
781 2287 833 2323 de
856 2288 1098 2324 sensations
1129 2288 1348 2338 nouvelles
1371 2289 1619 2334 (uoluptatis
1639 2290 1799 2333 causa),

165 2345 312 2381 tandis
328 2355 410 2391 que
424 2345 483 2381 les
505 2345 781 2391 philosophes
802 2346 861 2382 les
884 2347 1286 2383 recommandaient
1309 2348 1333 2383 a
1355 2348 1466 2383 leurs
1483 2348 1680 2393 disciples
1692 2357 1801 2393 pour

166 2404 226 2440 les
249 2404 396 2440 mieux
418 2405 620 2450 preparer
644 2414 731 2441 aux
744 2406 1017 2442 vicissitudes
1031 2406 1083 2442 de
1098 2406 1139 2442 la
1154 2406 1348 2443 fortune:
1364 2418 1378 2441 «
1398 2407 1446 2442 In
1460 2408 1554 2452 ipsa
1568 2408 1800 2443 securitate

167 2463 335 2499 animus
366 2463 421 2499 ad
450 2463 644 2500 difficilia
673 2474 716 2500 se
746 2468 974 2510 praeparet
999 2477 1014 2500 »
1042 2466 1144 2511 (Ep.
1178 2466 1334 2502 XVIII
1363 2467 1420 2511 6),
1451 2469 1494 2502 et
1522 2467 1581 2503 les
1610 2467 1746 2503 invite
1777 2467 1799 2502 ἐι

165 2522 205 2559 le
229 2522 335 2558 faire
360 2523 666 2560 sericusement
692 2526 735 2560 et
770 2533 856 2559 non
891 2534 969 2569 par
1002 2526 1220 2561 snobisme
1249 2536 1256 2560 ε
1294 2537 1308 2559 «
1331 2525 1428 2561 Non
1454 2529 1518 2562 est
1544 2536 1658 2562 nunc
1684 2526 1799 2571 quod

167 2581 386 2618 existimes
418 2591 486 2617 me
517 2582 701 2619 dicere...
734 2593 969 2629 pauperum
1001 2585 1123 2620 cellas
1155 2587 1197 2621 et
1228 2585 1436 2630 quicquid
1468 2586 1585 2621 aliud
1616 2588 1694 2628 est,
1726 2595 1800 2629 per

167 2641 284 2687 quod
315 2641 486 2676 luxuria
519 2641 771 2678 diuitiarum
803 2643 949 2678 taedio
981 2643 1094 2679 ludit
1128 2655 1136 2679 :
1171 2645 1378 2690 grabatus
1410 2645 1480 2680 ille
1511 2653 1636 2680 uerus
1669 2644 1725 2680 sit
1758 2646 1799 2679 et

167 2708 320 2746 sagum
350 2703 393 2736 et
423 2701 545 2745 panis
576 2701 707 2737 durus
739 2711 788 2737 ac
817 2702 1077 2746 sordidus...‚
1107 2706 1157 2739 ut
1186 2714 1271 2739 non
1301 2704 1419 2739 lusus
1449 2705 1516 2747 sit,
1546 2704 1615 2739 secl
1643 2704 1801 2749 experi-

166 2761 363 2795 mentum.
382 2771 397 2793 η
415 2759 535 2805 (ibid.
567 2761 585 2806 §
606 2761 662 2806 7.)
683 2781 738 2786 -—
791 2762 897 2805 Hoc,
918 2762 1029 2808 quod
1051 2772 1059 2798 :
1081 2762 1134 2798 cf.
1156 2762 1236 2808 hic,
1257 2764 1329 2808 qui
1347 2763 1434 2808 (IX
1455 2764 1510 2809 7).
1534 2783 1587 2787 ——
1640 2763 1801 2798 Com-u-

166 2818 379 2863 piseunt...
408 2819 561 2854 timent
589 2831 597 2854 :
625 2829 698 2855 sur
723 2823 838 2857 cette
865 2821 1097 2865 antithese‚
1125 2831 1224 2868 voy.
1253 2822 1391 2868 luqere
1419 2823 1541 2858 uiuos
1568 2822 1632 2867 (II
1659 2822 1715 2867 5).
1748 2842 1802 2847 —

164 2877 364 2914 Veritatis
387 2888 395 2913 ε
420 2889 434 2911 «
455 2878 497 2913 la
516 2879 666 2915 realite
689 2891 717 2923 »‚
740 2880 793 2915 cf.
818 2880 900 2916 Cic.
929 2881 990 2916 De
1015 2881 1116 2916 Diu.
1145 2881 1161 2916 I
1184 2882 1251 2926 13,
1273 2881 1325 2917 23
1349 2892 1356 2917 :
1382 2893 1396 2916 «
1418 2882 1486 2917 Sic
1507 2882 1620 2917 enim
1641 2890 1684 2916 se
1704 2890 1800 2926 pro-

167 2936 282 2973 fecto
309 2946 374 2973 res
404 2937 551 2981 habet,
579 2940 629 2974 ut
656 2948 896 2984 numquam
925 2939 1114 2984 perfecte
1144 2941 1355 2976 ueritatem
1384 2951 1506 2976 casus
1534 2941 1730 2976 imitetur
1754 2955 1767 2974 »
1790 2951 1799 2982 ς
