2154 3377
377 213 438 243 Ao
474 209 688 242 HELVIAM
726 207 925 240 MATREM
964 207 1024 238 un
1059 206 1439 238 coxsom'rioxss.
1477 207 1502 236 x
1701 194 1759 236 23¹.)

123 329 361 374 immensis
383 328 533 386 epulis
559 341 649 371 non
676 328 989 371 delectaretur
1014 329 1203 369 tantum
1230 325 1309 368 sed
1337 325 1629 380 gloriaretur,
1656 338 1758 367 cum

122 401 242 445 uitia
265 413 348 443 sua
372 403 650 447 ostentaret,
678 411 783 442 cum
810 397 1054 441 ciuitatem
1081 396 1127 439 in
1154 395 1386 438 luxuriam
1413 407 1545 438 suam
1572 408 1764 438 conuer-

123 476 259 521 teret,
301 484 406 514 cum
445 471 742 513 iuuentutem
772 469 832 511 ad
866 467 1181 510 imitationem
1213 467 1283 509 sui
1315 466 1591 509 sollicitaret
1617 466 1760 508 etiam

123 542 220 586 sine
258 541 394 585 malis
428 540 655 596 exemplis
696 553 773 596 per
809 552 854 582 se
893 539 1106 582 docilem.
1147 538 1278 580 Haeo
1312 537 1537 580 accidunt
1572 536 1763 579 diuitias

124 626 218 656 non
246 613 307 656 ad
338 613 569 655 rationem
600 610 948 659 reuocantibus,
981 609 1113 652 cuius
1143 609 1255 652 certi
1291 609 1406 651 fines
1435 611 1561 656 sunt,
1593 608 1673 650 sed
1704 608 1764 650 ad

122 684 345 728 vitiosam
378 682 782 730 consuetudinem,
817 681 950 724 cuius
982 681 1245 722 inmensum
1278 682 1327 722 et
1359 677 1765 735 incomprensibile

123 753 373 798 arbitrium
393 757 481 795 est.
506 752 767 808 Cupiditati
790 752 905 794 nihil
925 751 1041 794 satis
1061 754 1148 800 est,
1172 753 1368 793 naturae
1392 751 1508 793 satis
1527 753 1602 793 est
1620 750 1764 793 etiam

127 883 304 929 portenti
327 883 410 918 loco
435 882 591 923 habita,
617 883 728 918 sicut
755 883 899 918 hiatus
924 884 1063 917 terrae
1099 883 1141 916 et
1166 891 1186 916 8
1212 880 1406 916 cauernis
1440 881 1569 916 maris
1602 881 1766 926 ignium

127 942 297 988 eruptio
321 954 335 975 ιν
349 942 470 987 (ibid.
497 943 589 987 454),
605 951 677 977 car
691 942 750 977 les
767 942 896 985 vices,
914 941 1082 985 d'apres
1100 940 1158 976 les
1174 940 1392 983 stoiciens‚
1408 942 1507 976 sont
1532 941 1766 976 contraires

129 1003 153 1039 a
173 1002 213 1038 la
232 1004 386 1038 nature
406 1001 509 1047 (Ep.
532 1001 703 1037 CXXII
725 1002 782 1046 5),
802 1000 986 1046 laquelle
1006 1010 1030 1035 a
1050 1000 1144 1036 eree
1163 1000 1369 1035 l’homme
1390 1000 1475 1035 bon
1495 999 1598 1045 (Ep.
1627 999 1767 1035 XCIV

129 1061 288 1106 55-56)‚
316 1063 357 1097 et
386 1070 610 1106 personne,
638 1060 734 1095 saus
762 1060 814 1096 de
843 1060 1082 1095 rarissimes
1111 1059 1377 1104 exceptions,
1406 1068 1458 1094 ne
1485 1061 1591 1095 veut
1617 1059 1655 1095 18
1682 1060 1769 1094 mal

137 1131 215 1167 par
242 1129 394 1156 amour
421 1120 478 1155 du
508 1120 594 1155 mal
621 1120 706 1164 (De
737 1120 839 1155 Ben.
874 1120 931 1155 IV
961 1120 1026 1163 17,
1054 1119 1139 1155 3-4.
1171 1119 1233 1155 Cf.
1266 1119 1486 1154 Musonius
1516 1118 1672 1162 Rufus,
1701 1118 1766 1154 ed.

133 1181 292 1223 Hense,
318 1189 358 1225 p.
386 1180 469 1224 89).
503 1199 557 1204 ——
613 1179 732 1214 Tune
758 1189 948 1215 uenena:
977 1188 1031 1214 on
1057 1181 1162 1223 peut
1187 1178 1524 1214 veritablement
1549 1178 1713 1214 donner
1732 1178 1770 1214 18

132 1249 234 1275 110111
264 1239 315 1274 (18
346 1239 512 1284 poison,
545 1248 630 1274 non
660 1247 736 1283 pas
768 1239 792 1274 a
821 1239 862 1274 13
893 1239 1067 1274 boisson
1097 1238 1171 1284 qui
1201 1238 1239 1273 18
1269 1237 1434 1273 delivra
1463 1237 1516 1273 de
1544 1245 1609 1272 ses
1640 1238 1770 1281 vices,

132 1299 240 1335 mais
263 1298 287 1334 a
307 1301 406 1334 tous
428 1298 486 1334 les
510 1298 633 1334 exces
656 1298 730 1343 qui
752 1298 1129 1343 empoisonnaient
1150 1306 1228 1333 son
1251 1297 1360 1333 ame.
1385 1297 1580 1342 seneque
1601 1297 1771 1332 affirme

130 1359 184 1395 ici
205 1358 246 1393 la
266 1357 520 1403 superiorite
541 1357 593 1393 de
613 1357 741 1393 l’ame
761 1367 834 1393 sur
854 1357 891 1393 le
913 1367 1057 1403 corps;
1081 1366 1182 1403 voy.
1203 1357 1244 1392 la
1265 1358 1368 1392 note
1388 1366 1460 1392 sur
1480 1356 1772 1402 corpusculum

132 1418 219 1463 (XI
246 1417 301 1463 7).
332 1417 428 1453 Lier
454 1419 550 1452 tunc
577 1417 601 1452 a
628 1427 735 1452 cum.
763 1437 818 1442 —
879 1417 1153 1453 conuerteret
1181 1427 1189 1452 ε
1220 1428 1234 1450 «
1257 1416 1409 1452 attirer
1435 1415 1687 1452 l’attention
1721 1415 1772 1451 de

133 1477 371 1523 quelqu’un
394 1489 421 1511 ».
460 1476 514 1512 Ce
549 1479 642 1512 mot
676 1477 896 1522 s’emploie
926 1477 1086 1521 parfois
1131 1476 1270 1512 meme
1311 1484 1410 1511 53115
1456 1476 1514 1518 in,
1558 1475 1610 1511 ef.
1659 1475 1773 1511 Tite-

134 1537 238 1572 Live
263 1536 400 1571 XXII
425 1536 491 1580 51,
516 1536 540 1571 9
566 1547 574 1571 ε
601 1536 863 1581 «Praecipue
885 1536 1085 1572 conuertit
1109 1544 1301 1571 omnes...
1328 1535 1559 1570 Numida.»

223 1595 288 1631 ll.
322 1615 376 1620 -—
437 1595 667 1631 Rationem
705 1606 712 1631 :
762 1596 804 1631 la
846 1595 952 1631 ratio
988 1596 1120 1641 (λόγος)
1164 1598 1228 1631 est
1273 1594 1552 1639 l’expression
1594 1594 1636 1629 la
1678 1594 1773 1639 plus

135 1655 319 1691 sublime
349 1655 400 1690 de
429 1655 471 1689 la
500 1655 638 1699 partie
668 1655 908 1691 essentielle
937 1655 989 1691 de
1018 1655 1147 1691 Fame
1177 1655 1230 1700 (τὸ
1268 1658 1477 1700 ἡγεμονικόν,
1504 1653 1772 1699 principale).

136 1715 202 1751 On
229 1714 313 1750 sait
340 1714 642 1759 l’importance
672 1724 754 1760 que
781 1714 819 1750 le
847 1714 1066 1750 stoicisme
1095 1714 1155 1749 lui
1183 1714 1390 1750 attribue.
1422 1713 1536 1749 C'est
1563 1713 1604 1748 la
1631 1712 1775 1748 raison

137 1774 210 1820 qui
232 1776 296 1809 est
317 1774 354 1809 le
375 1783 530 1818 propre
551 1773 603 1809 de
623 1774 830 1809 l'homme
853 1784 860 1809 :
885 1785 900 1808 «
924 1774 1038 1818 Quid
1057 1774 1102 1809 in
1124 1773 1300 1809 homine
1321 1772 1542 1818 proprium
1563 1771 1582 1808 Ρ
1614 1772 1738 1809 Ratio
1762 1784 1777 1805 »

136 1832 240 1878 (Ep.
271 1832 461 1868 LXXVI
492 1832 561 1877 10)
586 1844 595 1875 ;
628 1841 706 1877 par
737 1832 813 1868 elle
840 1841 947 1868 nous
977 1841 1163 1868 sommes
1197 1832 1457 1876 apparentes
1492 1841 1579 1867 aux
1612 1831 1774 1867 dieux:

139 1903 153 1925 c
177 1891 354 1927 Ratio...
377 1892 442 1927 dis
463 1891 782 1937 hominibusque
802 1892 1035 1927 communis
1057 1893 1121 1927 est
1145 1901 1153 1927 ε
1176 1891 1283 1926 11388
1303 1891 1347 1926 111
1368 1891 1449 1926 11115
1472 1893 1777 1926 consummata

139 1954 217 1995 est,
249 1951 293 1987 in
325 1951 448 1986 nobis
482 1951 833 1986 consummabilis
859 1963 873 1985 »
905 1951 1009 1996 (Ep.
1045 1950 1171 1987 XCII
1201 1950 1308 1996 27);
1341 1950 1467 1986 d'elle
1499 1951 1621 1986 vient
1652 1953 1777 1987 toute

138 2010 253 2046 force
277 2009 380 2056 (Ep.
408 2009 631 2045 XXXVII
657 2010 727 2055 4);
751 2010 880 2046 fidele
903 2010 1046 2056 image
1071 2010 1123 2045 de
1148 2010 1189 2045 la
1213 2011 1368 2045 nature
1393 2010 1428 2055 («
1451 2008 1564 2053 Quid
1589 2012 1654 2046 est
1679 2018 1778 2056 ergo

139 2070 251 2105 ratio
280 2069 300 2105 ‘2
342 2071 518 2105 naturae
546 2070 724 2105 imitatio
748 2082 776 2113 »,
808 2069 888 2115 Ep.
919 2069 1064 2105 LXVI
1091 2069 1177 2114 39),
1207 2069 1284 2104 8118
1312 2071 1377 2104 est
1404 2069 1598 2105 l’arbitre
1625 2079 1778 2106 souve-

140 2129 232 2164 rain
250 2129 307 2164 du
325 2129 423 2164 bien
441 2130 484 2164 et
500 2129 557 2164 du
575 2129 662 2164 mal
681 2139 688 2164 :
709 2140 724 2163 «
746 2129 877 2164 Ratio
895 2136 994 2174 ergo
1011 2128 1171 2164 arbitra
1188 2130 1254 2164 est
1274 2128 1474 2164 bonorum
1490 2129 1747 2164 etmalorum
1766 2142 1780 2163 »

140 2188 262 2233 (ibid.
298 2188 317 2233 §
342 2188 426 2233 35).
457 2188 548 2224 Ε118
574 2190 638 2224 est
663 2189 701 2224 18
725 2189 816 2224 seul
841 2189 993 2224 critere
1019 2189 1071 2224 de
1096 2188 1234 2224 verite
1261 2199 1268 2224 :
1297 2200 1312 2222 «
1346 2188 1533 2232 Veritati,
1559 2199 1663 2235 quae
1687 2189 1779 2225 sine

140 2248 300 2283 ratione
328 2257 413 2283 non
442 2249 548 2283 est».
580 2247 683 2293 (Ep.
716 2247 909 2284 LXXVI
938 2248 1023 2294 22).
1058 2248 1328 2293 Quoiqu'elle
1357 2248 1442 2283 soit
1470 2248 1698 2293 l'apanage
1728 2249 1780 2284 de

141 2309 242 2342 tout
285 2307 458 2342 homme
501 2307 653 2353 (λογικὸν
686 2313 782 2352 ζῷον,
829 2307 1136 2351 Marc-Aurem,
1184 2307 1275 2343 VII.
1305 2307 1389 2352 11),
1436 2307 1542 2343 c'est
1585 2307 1662 2343 elle
1708 2309 1781 2353 qui

144 2366 236 2401 eree
262 2365 304 2401 la
331 2365 564 2402 difference
591 2369 712 2402 entre
738 2367 776 2403 18
803 2375 902 2412 sage
929 2369 972 2403 et
999 2367 1057 2403 les
1087 2369 1231 2403 autres
1260 2366 1437 2402 mortels
1467 2377 1475 2402 :
1518 2366 1689 2402 celui-la
1729 2377 1781 2403 ne.

144 2425 231 2460 suit
255 2434 338 2470 que
360 2425 401 2460 la
422 2425 579 2469 raison,
603 2427 771 2462 ceux-ci
794 2435 837 2462 se
859 2427 1038 2462 laissent
1060 2427 1212 2472 guider
1234 2435 1313 2471 par
1335 2426 1393 2462 les
1417 2426 1615 2471 opinions
1638 2427 1780 2472 (uitio-

145 2494 234 2520 sum
253 2485 622 2530 consuetudinem).
643 2486 752 2531 Voy.
773 2486 814 2521 la
833 2488 935 2522 note
954 2495 1027 2521 sur
1045 2486 1084 2521 le
1102 2493 1217 2531 sage,
1238 2486 1275 2521 V
1293 2485 1333 2528 2,
1354 2488 1397 2521 et
1419 2485 1576 2522 Introd.
1607 2486 1626 2531 §
1644 2485 1710 2522 20.
1728 2506 1782 2510 —

146 2544 551 2588 Incomprensibile:
590 2545 765 2588 «inimi,
801 2554 900 2580 sans
937 2554 1104 2581 mesure
1128 2557 1157 2589 »,
1193 2545 1247 2580 cf.
1289 2544 1369 2590 Ep.
1409 2544 1550 2581 XCIV
1578 2547 1663 2582 14:
1702 2557 1717 2580 «
1739 2545 1781 2582 Si

146 2604 380 2653 praecepta
429 2603 604 2648 singulis
666 2604 842 2648 damus,
903 2604 1306 2650 inconprehensibile
1366 2613 1472 2649 opus
1534 2607 1612 2641 est.
1656 2616 1670 2639 »
1729 2624 1783 2629 ——

148 2662 384 2698 Arbitrium
408 2673 415 2697 ε
442 2673 457 2696 «
478 2663 659 2707 caprice,
683 2663 898 2707 fantaisie,
923 2664 994 2709 gre
1017 2676 1044 2699 ».
1078 2684 1133 2688 -—
1187 2664 1373 2700 Naturae
1395 2664 1526 2700 satis:
1551 2664 1603 2700 cf.
1628 2664 1780 2708 eat-iqua

149 2721 353 2757 desideria
382 2722 429 2766 (ξ
457 2722 501 2766 2)
531 2724 574 2758 et
606 2722 760 2758 Introd.
793 2732 833 2767 p.
867 2721 1030 2758 XLIX.
1062 2743 1118 2748 —
1173 2723 1333 2759 Parum
1364 2733 1372 2758 :
1405 2725 1530 2769 «trop
1559 2733 1691 2768 peu»,
1720 2723 1779 2758 tel

151 2783 215 2816 est
238 2780 276 2816 18
299 2789 394 2816 sens
420 2781 472 2816 dc
496 2783 563 2817 cet
589 2782 687 2817 adv.
714 2782 738 2818 a
761 2782 959 2828 l'epoque
984 2782 1210 2828 classique,
1236 2782 1290 2818 cf.
1318 2782 1401 2819 Cic.
1434 2782 1500 2818 Or.
1529 2781 1666 2817 XXII
1692 2782 1743 2818 73
1769 2793 1777 2817 :

152 2850 167 2873 ε
190 2839 322 2885 Magis
348 2840 534 2875 offendit
558 2841 741 2876 nimium
766 2850 898 2887 quam
922 2850 1088 2887 parum.
1114 2853 1129 2875 ›>
1153 2841 1348 2887 seneque
1372 2841 1432 2877 lui
1458 2841 1600 2876 donne
1623 2841 1662 2876 le
1685 2850 1780 2876 sens

153 2899 205 2934 de
227 2909 377 2944 pauca,
401 2909 485 2935 non
509 2900 653 2943 multa,
678 2900 730 2935 cf.
760 2900 840 2946 Ep.
871 2900 913 2936 ΙΙ
936 2900 960 2936 6
987 2911 996 2936 ε
1022 2911 1037 2934 α
1060 2900 1157 2936 Non
1181 2900 1255 2946 qui
1279 2910 1431 2946 parum
1454 2899 1585 2943 habet,
1610 2900 1684 2935 sed
1709 2901 1782 2946 qui

153 2958 249 3003 plus
286 2958 422 3003 cupit,
461 2967 625 3004 pauper
662 2962 740 2995 est.
766 2971 780 2993 ι)
822 2959 855 2995 Il
894 2961 958 2995 est
996 2959 1182 3004 possible
1219 2960 1426 2995 toutefois
1466 2959 1595 3004 qu'ici
1632 2969 1784 3004 parum

1697 3058 1715 3085 9

1843 542 1900 575 11.
