2154 3377
401 237 466 268 AD
499 236 720 269 ΗΕΙΝῙΑΜ
753 235 955 267 MATREM
990 236 1053 268 DE
1085 236 1466 275 consom‘rloNE,
1495 237 1561 268 vn
1743 226 1803 270 29

157 354 385 398 extinctis
431 353 662 411 prioribus
706 356 793 396 aut
836 353 883 395 in
927 353 1240 396 accessionem
1286 353 1527 396 ualidioris
1572 354 1807 397 conuersis

159 425 394 469 oriuntur.
421 425 592 469 Omnes
613 427 774 467 autem
797 423 914 467 istae
938 425 1219 481 populorum
1242 424 1671 480 transportationes
1694 425 1805 480 quid

160 496 290 540 aliud
317 509 459 552 quam
486 495 672 552 publica
697 494 836 537 exilia
862 499 975 538 sunt
1002 495 1026 538 ‘?
1052 495 1173 550 Quid
1199 498 1245 538 te
1270 499 1369 538 tarn
1396 495 1532 550 longo
1559 495 1807 538 circumitu

157 567 298 610 traho
325 567 351 610 ‘2
371 567 483 622 quid
503 566 702 609 interest
719 578 992 609 enumerare
1014 566 1302 609 Antenorem
1325 566 1494 609 Pataui
1516 565 1807 608 conditorem

158 641 210 681 et
243 638 521 681 Euandrum
555 638 603 680 in
636 637 737 693 ripa
771 637 950 680 Tiberis
983 648 1124 692 regna
1159 637 1397 680 Arcadum
1432 637 1757 680 conlocantem
1785 636 1810 679 ⁴?

159 708 274 766 quid
303 708 581 751 Diomedem
607 708 833 765 aliosque,
863 721 980 765 quos
1006 708 1262 751 Troianum
1289 707 1465 750 bellum
1491 707 1645 751 uictos
1671 707 1811 750 simul

155 779 456 836 uictoresque
478 792 559 836 per
579 780 756 822 alienas
777 783 926 822 terras
947 778 1198 835 dissipauit
1223 778 1248 821 ‘2
1267 779 1538 821 Romanum
1560 778 1810 835 imperium

158 863 329 908 nempe
347 854 591 894 auctorem
610 850 797 894 exulem
816 850 1022 907 respicit,
1044 862 1184 906 quem
1205 849 1457 906 profugum
1477 853 1618 906 capta
1637 849 1809 906 patria,

251 1005 293 1038 N.
315 1005 352 1038 C.
375 1023 411 1028 —
435 1005 508 1037 VII
527 1005 559 1037 5.
585 1005 735 1046 puplica
752 1005 796 1036 A.
819 1022 855 1027 —
879 1004 952 1036 VII
969 1004 1003 1036 6.
1029 998 1183 1037 circuitu
1201 1004 1233 1035 A
1252 1013 1262 1042 ;
1279 1004 1431 1036 circuilu
1449 1011 1510 1044 ug.

172 1146 400 1179 nouarum,
425 1135 513 1182 qui,
539 1135 596 1171 du
619 1134 744 1180 point
768 1135 820 1170 de
842 1145 927 1171 vue
951 1136 1002 1171 de
1025 1135 1066 1170 13
1088 1135 1274 1181 logique‚
1300 1138 1364 1171 est
1388 1135 1640 1181 preferable.
1668 1136 1809 1172 Nean-

176 1195 332 1239 moins‚
353 1195 395 1240 je
417 1205 470 1231 ne
492 1194 600 1230 crois
622 1204 698 1239 pas
721 1196 835 1230 cette
856 1194 998 1230 raison
1020 1194 1250 1230 suffisante
1271 1204 1381 1240 pour
1403 1195 1589 1241 changer
1609 1195 1650 1230 la
1671 1196 1806 1241 lecon.

178 1255 240 1292 Cf.
269 1255 369 1298 Uhl,
395 1255 559 1300 Quaesl.
585 1253 673 1289 crit.
701 1253 746 1289 in
770 1254 816 1289 L.
848 1255 961 1290 Ann.
993 1254 1087 1290 Sen.
1118 1254 1250 1297 Dial.‚
1275 1263 1315 1299 p.
1343 1255 1394 1290 47
1422 1265 1430 1289 z
1457 1266 1472 1288 «
1496 1254 1703 1290 Perfacile
1740 1254 1810 1291 hic

176 1313 383 1351 adiectiui
413 1322 515 1349 usus
536 1334 590 1339 ——
611 1312 638 1347 il
670 1312 797 1358 s'agit
828 1313 879 1348 de
911 1323 1035 1356 noua,
1068 1315 1110 1349 et
1141 1313 1255 1348 aussi
1287 1314 1339 1349 de
1369 1314 1596 1350 excedentis
1620 1315 1660 1360 (I
1686 1313 1730 1360 3)
1755 1335 1811 1340 —

175 1373 426 1410 defenditur
457 1372 528 1408 illo
559 1371 730 1417 poetico
761 1371 968 1408 sermonis
1000 1372 1153 1416 colore,
1186 1373 1260 1418 qui
1292 1373 1410 1418 apud
1441 1382 1589 1409 omnes
1623 1374 1809 1410 Senecae

173 1432 333 1470 aetatis
372 1431 601 1477 scriptores
639 1431 871 1467 inuenitur.
897 1443 911 1465 »
941 1453 996 1457 —
1052 1432 1267 1468 Prioribus
1307 1443 1315 1467 :
1355 1433 1560 1478 yentibus.
1593 1453 1648 1458 —
1697 1432 1809 1469 Vali-

176 1491 306 1529 dIoris
330 1502 338 1527 ε
365 1492 510 1537 yentis.
538 1491 599 1528 Cf.
627 1490 760 1534 Pline‚
786 1492 884 1528 Nat.
909 1491 1020 1528 Hisl.
1045 1492 1107 1527 VI
1129 1492 1153 1527 3
1179 1502 1186 1526 :
1212 1502 1227 1525 «
1250 1491 1387 1527 Persis
1411 1492 1470 1537 (n.
1495 1492 1617 1538 fem.)
1639 1493 1682 1528 in
1707 1493 1809 1528 Par-

175 1552 355 1588 thorum
374 1551 461 1586 iam
481 1549 649 1595 pridem
668 1550 883 1586 translata
903 1560 1060 1586 nomen
1083 1562 1111 1594 »‚
1133 1553 1175 1587 et
1197 1550 1396 1594 Salluste‚
1426 1551 1521 1597 luy.
1547 1552 1703 1588 XVIII
1726 1552 1775 1587 12
1798 1562 1807 1587 :

175 1623 190 1645 (ι
211 1609 328 1647 Victi
359 1620 506 1646 omnes
536 1610 579 1645 in
610 1612 782 1656 gentem
813 1619 1057 1655 nomenque
1085 1610 1396 1655 imperantium
1428 1620 1685 1647 concessere.
1711 1623 1726 1645 »
1755 1632 1810 1636 —

173 1669 479 1707 Accessionem
506 1679 514 1704 :
543 1680 557 1702 «
580 1669 884 1714 complement,
911 1669 1122 1713 addition,
1150 1669 1479 1715 augmentation
1505 1681 1533 1714 »‚
1561 1670 1613 1706 cf.
1645 1673 1707 1708 De
1734 1671 1806 1706 ΒΓ.

185 1730 266 1767 Vit.
302 1729 370 1765 XI
404 1730 424 1764 1
462 1739 470 1763 ε
505 1728 786 1764 «Paucorum
820 1738 1032 1764 annorum
1064 1729 1388 1765 accessionem».
1420 1751 1475 1755 —
1531 1731 1810 1776 Transporta-

172 1789 311 1825 tiones
337 1799 345 1824 :
373 1799 387 1821 «
409 1788 662 1834 migrations
687 1799 713 1822 ›>.

256 1849 295 1884 6.
328 1869 383 1873 -
416 1847 650 1884 circumitu
681 1847 754 1892 (ou
786 1847 981 1893 circuitu)
1015 1858 1023 1883 ε
1056 1858 1152 1884 sens
1183 1858 1340 1893 propre
1373 1859 1381 1883 z
1415 1859 1430 1882 «
1453 1849 1608 1885 detour
1631 1859 1670 1892 »3
1703 1849 1809 1886 c’est

174 1907 213 1944 le
237 1917 308 1944 cas
333 1907 399 1943 ici.
426 1908 493 1943 Au
517 1906 607 1953 fig„
631 1906 661 1942 il
684 1907 851 1951 signifie
876 1917 930 1943 ou
956 1907 1053 1943 bien
1079 1918 1093 1940 «
1114 1908 1289 1952 periode
1314 1907 1501 1944 oratoire
1524 1919 1538 1942 »
1562 1908 1663 1953 (Cic.
1696 1910 1807 1945 Orat.

177 1967 282 2004 LXI
315 1966 428 2012 204),
449 1976 503 2002 ou
532 1966 630 2002 bien
664 1977 679 1999 «
701 1965 1053 2010 circonlocution‚
1087 1967 1337 2012 periphrase
1361 1978 1375 2001 »
1407 1967 1664 2013 (Quintilien
1697 1969 1808 2004 VIII

171 2027 211 2071 6,
247 2026 331 2072 59).
363 2047 418 2051 ——
477 2026 585 2071 Quid
618 2026 794 2062 interest
831 2037 838 2061 :
875 2026 1063 2062 l'auteur
1096 2027 1258 2063 semble
1293 2026 1580 2072 s'apercevoir
1613 2037 1696 2073 que
1729 2038 1807 2063 son

172 2085 536 2131 developpement
574 2095 821 2121 commence
859 2086 883 2122 a
919 2087 1102 2132 prendre
1142 2087 1215 2122 des
1252 2086 1528 2132 proportions
1567 2088 1806 2133 exagerees.

171 2145 452 2188 Neanmoins,
481 2144 509 2180 il
539 2147 603 2180 est
632 2147 731 2190 trop
762 2155 999 2182 amoureux
1029 2147 1081 2182 de
1111 2156 1178 2181 ces
1207 2147 1412 2191 procedes
1443 2146 1586 2191 appris
1617 2147 1724 2182 dans
1747 2147 1807 2183 les

169 2205 308 2241 ecoles
332 2205 384 2240 de
406 2203 696 2240 declamation
721 2214 831 2250 pour
852 2205 1053 2242 s'arreter
1073 2205 1140 2241 ici.
1168 2205 1202 2241 Il
1224 2216 1267 2241 se
1290 2208 1494 2242 contente
1517 2207 1614 2242 d’en
1637 2216 1809 2252 rompre

167 2264 217 2300 la
236 2263 489 2300 monotonie
509 2273 587 2309 par
608 2266 724 2300 cette
745 2264 960 2310 question,
983 2264 1167 2301 oratoire
1190 2264 1267 2301 elle
1289 2265 1404 2301 aussi
1427 2276 1437 2308 ;
1458 2265 1554 2310 puis
1576 2265 1604 2300 il
1625 2267 1810 2311 reprend

168 2332 255 2359 son
275 2322 649 2368 developpement.
670 2324 778 2370 Voy.
799 2323 894 2369 plus
914 2325 989 2360 bas
1008 2324 1054 2370 (ξ
1073 2324 1115 2370 8)
1136 2335 1144 2359 :
1166 2335 1180 2358 «
1203 2325 1288 2360 Res
1308 2324 1486 2370 quidem
1503 2335 1587 2360 non
1605 2325 1810 2361 desiderat

168 2382 364 2429 plurium
387 2382 737 2419 enumerationem
752 2393 768 2425 ‚·
791 2393 927 2419 unum
950 2385 1086 2419 tamen
1110 2383 1309 2420 adiciam.
1335 2394 1362 2419 ›>.
1394 2405 1450 2409 —
1508 2385 1773 2421 Antenorem
1798 2395 1806 2420 :

168 2441 225 2477 cf.
256 2441 373 2487 Virg.
409 2442 514 2477 Aen.
550 2442 566 2477 I
595 2442 675 2478 242
704 2452 798 2488 sqq.
829 2445 872 2479 et
901 2442 1123 2479 Tite-Live
1156 2443 1173 2478 Ι
1204 2444 1241 2487 1,
1273 2444 1309 2478 1.
1342 2464 1397 2468 -
1456 2443 1710 2480 Euandrum
1741 2454 1749 2480 :
1779 2444 1808 2479 il

168 2499 323 2537 venait
353 2500 595 2544 d'Arcadie‚
628 2501 680 2537 cf.
714 2501 829 2547 Virg.
861 2512 927 2547 op.
959 2502 1025 2538 cit.
1057 2502 1169 2538 VIII
1207 2503 1255 2538 51
1288 2512 1383 2548 sqq.
1420 2523 1475 2527 -—
1532 2503 1641 2547 Quid
1673 2513 1681 2538 :
1713 2512 1805 2539 s.-e.

169 2571 185 2594 «
209 2559 392 2596 interest
414 2569 664 2596 enumerare
689 2571 715 2596 ›>.
740 2581 795 2586 -—
827 2562 974 2607 Regna
997 2572 1005 2597 :
1028 2561 1137 2606 plur.
1161 2562 1294 2607 poet„
1316 2572 1416 2608 voy.
1444 2562 1633 2608 Introd.§
1655 2562 1720 2598 32.
1752 2582 1809 2587 —

172 2618 425 2655 Diomedem
464 2629 472 2654 ε
511 2620 619 2656 Grec
655 2620 742 2665 qui,
780 2630 947 2656 comme
983 2621 1200 2664 Evandre‚
1238 2629 1377 2666 gagna
1411 2620 1571 2657 l’Italie
1607 2622 1729 2666 apres
1765 2621 1807 2655 la

169 2687 322 2725 guerre
346 2679 398 2714 de
421 2678 559 2723 Troie‚
583 2680 636 2716 cf.
663 2680 777 2726 Virg.
802 2691 868 2726 op.
895 2680 960 2716 cil.
988 2681 1055 2717 XI
1077 2681 1156 2716 243
1180 2691 1274 2726 sqq.

252 2739 291 2774 7.
324 2759 379 2763 —
434 2739 593 2784 Nempe
626 2749 634 2775 :
669 2740 721 2776 de
753 2750 861 2784 nem,
882 2739 1014 2785 qu'on
1044 2742 1201 2776 trouve
1233 2741 1340 2775 dans
1372 2740 1639 2785 l'archa'ique
1665 2741 1807 2774 nemut

169 2798 238 2844 (=
275 2797 364 2834 nisi
395 2798 537 2843 etiam)
569 2801 612 2834 et
643 2799 696 2835 de
726 2809 791 2845 pe,
824 2799 876 2834 cf.
910 2799 1066 2845 quippe
1102 2799 1168 2845 (=
1204 2799 1357 2846 quidpe
1389 2810 1442 2835 ou
1474 2791 1659 2845 qui-pem
1702 2808 1802 2844 voy.

170 2856 383 2903 Lindsay,
407 2857 490 2893 The
504 2858 630 2894 Latin
646 2858 867 2904 Ianquaye,
883 2868 923 2903 p.
940 2858 1034 2895 604.
1053 2860 1212 2904 Nempe
1226 2858 1393 2904 signisie
1410 2869 1463 2894 ou
1481 2869 1488 2894 :
1507 2869 1521 2892 «
1542 2866 1640 2893 sans
1656 2858 1803 2901 doute,

172 2916 447 2952 assurement
479 2916 634 2961 (δήπου),
673 2917 853 2954 n'est—ce
885 2927 960 2962 pas
991 2918 1011 2954 ‘I
1035 2928 1064 2960 »‚
1098 2927 1152 2953 ou
1187 2928 1194 2952 :
1230 2928 1244 2951 <‹
1267 2918 1319 2953 eh
1351 2918 1449 2953 bien
1473 2918 1481 2953 1
1507 2929 1534 2961 »‚
1575 2917 1681 2952 dans
1719 2927 1805 2952 une

172 2975 371 3020 reponse.
400 2975 537 3011 L'une
561 2979 604 3012 et
627 2976 782 3012 l’autre
805 2975 1055 3012 traduction
1079 2979 1178 3013 sont
1201 2976 1408 3022 possibles
1432 2986 1485 3012 au
1511 2977 1633 3022 chap.
1660 2977 1720 3012 VI
1746 2977 1764 3011 1
1794 2987 1806 3020 ;
