2154 3377
408 189 471 220 AD
505 188 724 220 HELVIAM
760 188 961 219 MATREM
998 187 1060 218 DE
1091 187 1472 223 CONSOLA'I'IONE,
1503 188 1548 218 xl
1737 176 1794 219 65

157 307 335 350 uolucri
379 306 664 362 cogitatione
707 305 869 348 diuina
914 305 1185 360 perlustrat.
1235 304 1435 360 Ideoque
1481 316 1566 346 nec
1606 304 1794 347 exulare

157 390 384 434 umquam
410 381 583 434 potest,
610 377 724 420 liber
747 379 798 418 et
820 375 892 418 dis
909 378 1138 431 cognatus
1161 378 1212 418 et
1228 375 1357 417 omni
1377 375 1554 417 mundo
1573 375 1794 430 omnique

155 460 275 491 aeuo
304 461 388 504 par
413 463 424 498 ;
454 461 563 490 nam
592 447 816 503 cogitatio
845 446 945 489 eius
973 446 1095 489 circa
1122 459 1260 488 omne
1290 445 1470 488 caelum
1500 445 1552 494 it,
1584 445 1629 487 in
1657 458 1793 487 omne

157 519 465 575 praeteritum
488 519 797 574 futurumque
821 521 1010 574 tempus
1033 516 1308 560 inmittitur.
1331 516 1668 573 Corpusculum
1696 517 1795 564 hoc,

157 590 372 633 custodia
400 594 449 633 et
474 589 716 632 uinculum
744 589 905 638 animi,
937 589 1027 631 huc
1054 592 1197 645 atque
1226 588 1337 631 illuc
1364 588 1570 630 iactatur
1595 602 1605 637 ;
1635 587 1681 629 in
1710 587 1798 630 hoc

237 736 278 769 N.
292 737 329 768 C.
344 754 382 760 —
399 736 455 768 XI
474 737 506 768 7.
525 737 599 767 deis
617 737 647 767 Α
665 746 673 773 ;
691 736 747 767 dis
765 735 886 768 Gertz.
903 753 940 758 —
955 736 1090 767 caelum
1108 737 1139 766 el
1159 736 1196 766 in
1216 736 1265 772 A;
1284 736 1419 766 caelum
1440 736 1478 773 it,
1497 735 1535 766 in
1556 736 1685 773 Gertz;
1703 735 1797 766 citca

161 791 296 821 caelum
313 791 513 828 (uersatur)
537 792 567 821 et
586 790 623 821 in
644 789 738 821 coni.
762 789 982 827 Wesenberg
1001 799 1010 825 ;
1032 789 1167 820 caelum
1189 790 1238 820 est
1259 789 1366 828 scrip.
1391 788 1578 820 Schultess
1599 788 1680 820 coll.
1705 788 1795 820 Hor.

163 843 281 874 Cat-m.
307 843 343 874 11
365 843 398 880 5,
422 843 454 874 5.

240 974 279 1010 7.
311 994 366 998 —
420 974 504 1010 Nec
532 974 747 1010 exulare...
781 977 918 1018 potest
950 984 958 1008 ε
989 983 1062 1008 nec
1102 989 1137 1001 =
1174 983 1188 1005 «
1211 981 1307 1007 ne...
1340 971 1568 1017 quidem»,
1599 972 1652 1007 cf.
1686 971 1728 1007 X
1755 972 1794 1007 3.

164 1033 277 1068 Pour
304 1033 444 1077 l'idee,
474 1033 527 1069 cf.
562 1033 713 1076 Ovide,
747 1033 813 1068 Ex
845 1034 962 1068 Ponl.
999 1032 1057 1067 IV
1087 1032 1125 1075 9,
1156 1032 1206 1066 41
1241 1042 1248 1066 :
1282 1042 1296 1064 «
1321 1032 1461 1067 Mente
1490 1033 1654 1075 tamen,
1685 1041 1796 1077 quae

159 1092 251 1128 sola
276 1092 370 1129 loeo
395 1103 479 1129 non
506 1093 656 1135 exulat,
684 1095 797 1128 utar.
823 1104 838 1126 »
869 1113 923 1117 —-
982 1092 1080 1128 Deis
1106 1095 1317 1137 cognatus
1345 1102 1353 1126 2
1382 1100 1482 1136 voy.
1518 1091 1558 1126 la
1591 1094 1693 1127 note
1724 1099 1796 1126 sur

160 1162 209 1187 esc
226 1153 389 1188 caelesti
407 1153 562 1198 spiritu
583 1152 663 1197 (VI
685 1152 740 1197 7).
774 1173 828 1177 --
890 1151 1007 1188 Circa
1027 1161 1155 1187 omne
1178 1152 1347 1187 eaelum
1368 1161 1376 1186 :
1411 1151 1516 1186 c'est
1541 1150 1583 1186 la
1610 1160 1695 1186 une
1721 1150 1795 1186 des

161 1221 344 1257 preuves
376 1212 428 1247 de
461 1210 654 1257 l’origine
687 1211 832 1247 divine
866 1212 918 1247 de
950 1211 1093 1254 Fame,
1115 1211 1170 1246 cf.
1195 1211 1292 1247 Nat.
1318 1211 1482 1255 Quaest.
1510 1210 1681 1254 Ipraef.
1712 1210 1795 1246 12:

162 1282 178 1306 e
200 1271 295 1306 Hoc
331 1272 464 1307 habet
503 1274 807 1317 argumentum
846 1270 1090 1306 diuinitatis
1118 1278 1235 1314 suae,
1269 1270 1385 1316 quod
1413 1269 1534 1305 illum
1565 1269 1796 1314 (animum)

161 1330 311 1366 diuina
339 1330 560 1367 delectant
582 1342 611 1374 »,
641 1340 693 1366 en
723 1331 862 1366 meme
890 1332 1033 1374 temps
1063 1339 1146 1375 que
1175 1329 1268 1365 c’en
1298 1332 1363 1364 est
1391 1329 1432 1364 la
1461 1329 1756 1374 consequence
1786 1340 1795 1363 :

163 1401 179 1423 α
200 1390 357 1436 Magna
378 1393 422 1426 et
443 1398 649 1436 generosa
669 1397 734 1425 res
757 1391 822 1425 est
845 1389 1060 1424 humanus
1083 1389 1252 1424 animus
1276 1399 1285 1424 :
1329 1388 1468 1423 nullos
1490 1388 1571 1424 sibi
1592 1389 1695 1432 poni
1717 1389 1797 1424 nisi

162 1458 412 1485 communes
443 1452 487 1486 et
518 1459 617 1486 cum
647 1449 726 1484 deo
756 1449 964 1485 terminos
987 1449 1167 1493 patitur.
1194 1460 1208 1482 »
1238 1448 1341 1493 (Ep.
1365 1448 1445 1484 CII
1475 1448 1562 1493 21.)
1595 1448 1742 1493 Quant
1773 1448 1797 1484 a

161 1508 350 1553 l’emploi
369 1509 421 1545 de
438 1509 656 1544 l’abstrait
674 1508 881 1554 coqitatio,
900 1517 1000 1554 voy.
1025 1508 1180 1543 Introd.
1210 1509 1230 1552 ἓ
1247 1507 1313 1544 32.
1348 1528 1401 1532 -
1462 1508 1771 1553 Corpusculum
1787 1518 1796 1542 :

161 1567 199 1603 le
225 1568 442 1604 stoicisme
469 1568 653 1613 primitis
679 1567 962 1603 n'admettait
988 1576 1065 1612 pas
1093 1567 1146 1602 de
1173 1567 1385 1602 dualisme
1411 1577 1463 1602 en
1490 1567 1710 1611 l'homme,
1737 1567 1796 1602 les

162 1626 369 1663 elements
406 1627 459 1663 de
497 1628 539 1662 la
583 1627 736 1673 qualite}
781 1628 900 1672 (voy.
933 1627 1089 1662 Introd.
1119 1635 1160 1672 p.
1192 1626 1328 1671 XLV)
1356 1626 1481 1662 etant
1506 1627 1797 1672 inseparable-

162 1689 284 1723 ment
309 1687 406 1723 unis
435 1687 459 1723 a
486 1696 595 1723 ceux
621 1687 674 1722 de
700 1687 742 1722 la
771 1686 952 1730 muliere,
981 1688 1024 1722 et
1051 1689 1151 1722 tous
1179 1686 1238 1721 les
1268 1686 1491 1730 elements,
1519 1686 1640 1732 quels
1669 1686 1796 1732 qu’ils

161 1747 316 1790 soient,
355 1749 600 1791 provenant
637 1747 696 1782 du
731 1746 803 1782 feu
830 1745 1095 1791 primm-dial,
1123 1746 1198 1791 qui
1225 1747 1290 1781 est
1319 1746 1442 1781 Dieu.
1473 1745 1740 1790 Cependant‚
1768 1746 1797 1781 il

162 1815 190 1852 y
215 1806 335 1842 avait
359 1816 526 1842 comme
549 1815 609 1841 un
633 1814 776 1852 germe
801 1805 853 1841 de
878 1805 1090 1841 dualisme
1114 1805 1222 1840 dans
1246 1805 1549 1850 l’importance
1573 1815 1657 1851 que
1681 1807 1797 1841 cette

161 1865 357 1902 doctrine
378 1875 403 1901 a
422 1866 621 1911 toujours
644 1865 861 1901 attribuee
883 1865 908 1901 a
928 1865 969 1900 la
990 1867 1146 1901 nature
1167 1865 1327 1900 subtile
1348 1867 1391 1901 et
1414 1865 1559 1900 divine
1581 1865 1634 1900 de
1655 1864 1797 1908 l'fime,

162 1927 204 1961 et
225 1935 271 1961 ce
289 1934 446 1971 germe‚
467 1935 572 1961 avec
591 1926 630 1961 le
649 1928 806 1970 temps,
827 1925 899 1960 n’a
918 1925 999 1960 fait
1019 1934 1103 1970 que
1122 1932 1166 1960 se
1186 1924 1448 1969 developper
1466 1924 1665 1969 toujours
1686 1924 1796 1969 plus,

161 1985 195 2020 si
217 1985 315 2020 bien
337 1985 438 2030 qu’a
459 1985 596 2030 partir
618 1985 670 2020 de
693 1984 963 2028 Posidonius,
987 1984 1095 2019 dont
1117 1993 1173 2019 on
1195 1984 1280 2020 sait
1301 1984 1360 2019 les
1383 1986 1608 2028 emprunts
1631 1993 1686 2018 au
1707 1983 1798 2028 pla-

159 2044 361 2088 tonisme‚
391 2045 450 2080 les
481 2045 784 2081 neo-stoieiens
816 2046 1030 2089 opposent
1061 2045 1384 2079 constamment
1414 2043 1542 2079 l’fime
1573 2052 1627 2078 au
1658 2051 1797 2088 corps,

160 2106 261 2140 tout
284 2113 451 2140 comme
474 2105 534 2140 les
559 2104 845 2149 platonieiens
871 2103 943 2149 (cf.
972 2104 1055 2141 Cic.
1092 2105 1210 2140 Tusc.
1243 2104 1260 2139 I
1287 2104 1352 2147 19,
1380 2103 1447 2146 44,
1474 2105 1517 2139 et
1543 2103 1658 2148 Virg.
1690 2102 1796 2138 Aen.

161 2164 222 2199 VI
244 2163 323 2199 724
343 2164 472 2209 sqq)
496 2164 620 2200 Cette
641 2164 888 2210 opposition
911 2167 1032 2200 entre
1052 2164 1181 2200 l'ame
1201 2166 1245 2199 et
1265 2163 1303 2199 le
1325 2172 1448 2208 corps
1470 2172 1513 2198 se
1534 2164 1690 2198 trouve
1709 2162 1797 2198 tres

160 2225 346 2259 souvent
368 2223 585 2268 exprimee
606 2224 708 2260 chez
731 2224 939 2269 seneque,
962 2224 1037 2269 qui
1057 2224 1129 2258 n'a
1151 2231 1227 2268 pas
1250 2223 1303 2258 de
1322 2225 1481 2258 termes
1503 2231 1621 2257 assez
1643 2221 1798 2266 mepri-

160 2284 282 2318 sants
310 2291 419 2328 pour
446 2283 646 2328 qualifier
666 2283 704 2318 le
733 2292 870 2328 corps.
906 2283 938 2318 Il
965 2283 1165 2328 l'appelle
1192 2292 1277 2318 une
1306 2293 1320 2316 α
1342 2282 1488 2327 prison
1512 2293 1527 2316 »
1553 2281 1624 2327 (ici
1653 2283 1696 2317 et
1731 2281 1798 2316 Ad

164 2343 298 2378 Marc.
329 2342 481 2378 XXIV
507 2342 546 2385 5;
579 2342 648 2378 Ad
675 2343 819 2388 Polyb.
852 2342 916 2378 IX
941 2342 1000 2387 3),
1027 2351 1112 2378 une
1139 2353 1154 2376 «
1176 2333 1378 2377 demeure
1403 2341 1630 2386 passagere
1653 2352 1668 2374 ι)
1693 2340 1796 2386 (Ep.

162 2401 285 2437 CXX
302 2401 386 2446 14),
402 2411 487 2437 une
503 2412 518 2435 (ι
540 2402 780 2447 enveloppe
804 2415 819 2435 »
833 2402 936 2447 (Ep.
957 2401 1083 2437 XCII
1101 2402 1185 2447 13),
1202 2410 1261 2436 un
1278 2412 1293 2435 (ι
1314 2401 1438 2446 poids
1462 2412 1477 2435 ³>
1493 2400 1596 2446 (Ep.
1615 2399 1695 2435 CII
1711 2399 1797 2443 26),

160 2463 204 2496 et
238 2461 390 2504 meme,
424 2470 591 2497 comme
622 2462 682 2497 les
716 2461 945 2504 chremens,
980 2473 996 2496 α
1016 2461 1057 2497 la
1091 2461 1222 2504 chair,
1255 2471 1350 2496 caro
1373 2472 1388 2495 ν)
1420 2460 1523 2506 (Ep.
1559 2459 1679 2495 LXV
1712 2459 1796 2503 22).

163 2520 343 2563 Parfois,
371 2520 399 2555 il
425 2529 483 2555 va
509 2521 544 2556 si
569 2521 657 2557 loin
685 2521 792 2556 dans
820 2520 862 2555 la
888 2521 985 2556 voie
1012 2520 1334 2566 platonieienne
1365 2519 1471 2565 qu’il
1509 2518 1712 2564 s’eloigne
1739 2517 1797 2552 du

162 2580 368 2626 Portique
396 2582 440 2615 et
467 2580 505 2615 le
533 2580 638 2625 perd
664 2582 766 2616 tout
795 2581 819 2616 ἐι
845 2580 928 2616 fait
956 2580 1008 2616 de
1036 2590 1135 2624 vae,
1165 2579 1219 2615 cf.
1255 2579 1335 2625 Ep.
1368 2579 1471 2614 XLI
1499 2579 1550 2614 4:
1580 2590 1595 2612 «
1620 2578 1707 2613 Ista
1733 2586 1797 2611 res

160 2639 293 2684 (ame)
328 2639 462 2674 maior
493 2642 551 2675 est
585 2640 784 2685 altiorque
819 2649 943 2684 quam
978 2642 1021 2674 ut
1054 2639 1164 2675 credi
1196 2639 1353 2675 simil1's
1387 2638 1498 2681 huic,
1536 2638 1580 2673 in
1614 2646 1691 2682 quo
1723 2638 1794 2677 est,

160 2699 403 2744 corpusculo
426 2699 569 2744 possit.
593 2712 609 2733 »
628 2699 756 2744 (Voy.
771 2707 923 2734 encore
938 2699 1036 2735 Nat.
1053 2699 1216 2743 Quaest.
1238 2698 1305 2734 III
1320 2698 1455 2743 praef.
1475 2697 1558 2741 18.)
1572 2696 1685 2731 Pour
1697 2697 1796 2730 tout

161 2767 208 2793 ce
238 2765 418 2802 passage
449 2758 502 2793 de
532 2760 656 2794 notre
687 2757 980 2801 consolation,
1023 2757 1078 2793 cf.
1133 2758 1385 2803 platan-que,
1441 2758 1502 2792 De
1554 2755 1665 2790 Exit.
1715 2754 1795 2790 607

163 2817 317 2852 D-E-F
343 2829 350 2851 ῖ
380 2830 393 2850 «
421 2821 464 2853 Το
495 2821 767 2861 δ’ὰληθὲστατον,
792 2822 898 2862 φεῦγει
932 2818 996 2859 (τ-
1033 2817 1187 2858 exulat)
1224 2819 1332 2858 (Sec.
1368 2822 1387 2860 ἡ
1418 2822 1523 2862 ψυχή)
1548 2822 1599 2851 καὶ
1630 2822 1794 2852 πλανᾶται

161 2881 260 2920 θείοις
279 2881 480 2923 ἐλαυνομένη
499 2882 637 2922 δόγμασι
660 2883 712 2912 καὶ
734 2882 883 2922 νόμοις...
909 2882 961 2912 καὶ
984 2882 1221 2921 δυσανασχετεῖ
1243 2883 1297 2912 καὶ
1323 2881 1507 2921 ξενοπαθεῖ,
1527 2879 1675 2919 καθάπερ
1695 2880 1795 2918 φυτὸν

159 2941 292 2982 ἀγεννὲς
310 2940 652 2982 ἁπομαραινομένη....
673 2939 864 2981 Ἀνθρώπου
891 2939 917 2971 Τ
928 2939 1033 2978 οὐδεὶς
1051 2940 1234 2981 ἀφαιρεῖται
1250 2942 1349 2978 τόπος
1369 2939 1578 2980 εὑὸαιμονὶαν
1602 2939 1707 2979 ὥσπερ
1726 2937 1792 2969 οὐδ’
