2195 3345
280 766 338 801 ln.

423 202 481 248 58
723 217 764 247 L·
803 216 966 247 ANNAEI
999 216 1194 247 SENECAE
1226 216 1545 249 DIALOGORUM
1574 217 1667 249 LIB.
1694 218 1762 250 XII

416 346 585 390 operae
610 333 814 389 pretium
838 336 926 376 est.
953 334 1067 377 Cum
1093 334 1362 376 sestertium
1386 334 1587 377 milliens
1609 335 1657 376 in
1682 335 1885 378 culinam
1910 336 2064 380 conie—

417 405 570 454 cisset,
594 417 701 447 cum
723 407 800 446 tot
819 404 1055 460 congiaria
1077 404 1342 461 principum
1364 409 1415 448 et
1434 405 1598 462 ingens
1619 405 1838 461 Capitolii
1857 407 2062 463 uectigal

415 475 608 531 singulis
655 475 1043 518 comisationibus
1088 476 1412 532 exsorpsisset‚
1460 489 1565 519 aere
1612 476 1764 519 alieno
1811 489 2062 534 oppressus

416 546 621 589 rationes
656 558 764 588 suas
798 549 914 589 tunc
946 546 1152 602 primum
1188 550 1380 590 coactus
1414 547 1623 604 inspexit
1659 562 1668 590 :
1703 548 2058 604 superfuturum

415 617 503 659 sibi
535 617 804 659 sestertium
837 617 1048 660 centiens
1079 619 1381 674 computauit
1409 622 1460 661 et
1489 618 1623 661 uelut
1654 618 1702 661 in
1732 619 1902 662 ultima
1934 619 2057 663 farne

414 688 642 737 uicturus,
666 687 702 730 si
726 688 775 729 in
797 688 1012 731 sestertio
1037 689 1247 732 centiens
1268 690 1481 739 uixisset,
1504 702 1685 732 ueneno
1708 689 1861 732 uitam
1882 690 2059 734 finiuit.

417 759 605 812 Quanta
647 758 832 801 luxuria
872 763 990 809 erat,
1033 760 1106 803 cui
1148 760 1357 803 centiens
1397 761 1668 803 sestertium
1707 764 1891 817 egestas
1930 761 2024 804 fuit
2049 763 2059 805 l

416 830 425 871 i
454 842 579 872 nunc
601 833 652 872 et
676 833 793 886 puta
819 831 1044 886 pecuniae
1070 831 1264 874 modurn
1290 831 1350 873 ad
1376 844 1474 873 rem
1500 831 1749 887 pertinere,
1776 845 1870 875 non
1894 832 2057 875 animi.

415 900 692 943 Sestertium
716 901 926 944 centiens
947 902 1118 958 aliquis
1140 902 1366 945 extimuit
1387 905 1451 952 et,
1477 902 1603 958 quod
1627 902 1707 946 alii
1729 907 1843 946 uoto
1868 906 2056 960 petunt,

415 984 592 1014 ueneno
633 972 758 1028 fugit
783 973 793 1016 l
837 972 908 1015 Illi
947 985 1057 1016 uero
1099 976 1199 1016 tarn
1241 986 1415 1029 prauae
1456 973 1629 1016 mentis
1669 974 1848 1016 homini
1886 974 2055 1018 ultima

414 1043 541 1098 potio
568 1043 875 1086 saluberrima
901 1044 1021 1087 fuit:
1046 1047 1162 1087 tunc
1194 1058 1375 1087 uenena
1407 1044 1582 1087 edebat
1616 1044 1922 1101 bibebatque,
1948 1058 2054 1089 cum

491 1184 530 1215 N.
553 1184 587 1215 C.
614 1202 648 1206 ——
674 1184 709 1215 X
728 1184 823 1217 9-10.
852 1185 978 1216 centies
1000 1186 1031 1215 A
1051 1194 1059 1222 3
1081 1185 1235 1216 centiens
1258 1185 1368 1216 Gertz
1388 1187 1425 1217 et
1447 1185 1613 1217 Hermes.
1649 1203 1683 1207 —
1714 1186 1749 1216 X
1769 1186 1823 1217 10.
1853 1187 1967 1218 inuno
1992 1188 2024 1218 A
2044 1197 2053 1225 ;

415 1238 426 1268 i
452 1247 548 1268 nunc
575 1238 782 1269 Pincianus.

412 1363 568 1399 sident.
601 1363 648 1398 In
675 1364 898 1399 rhetorum
926 1373 975 1399 ac
1002 1364 1359 1408 philosophorum
1386 1364 1540 1399 scholis
1568 1385 1622 1388 —
1648 1364 1927 1410 exageration
1953 1373 2050 1410 pro-

413 1423 539 1458 bable
572 1432 623 1458 en
656 1433 701 1458 ce
735 1424 808 1468 qui
841 1433 1049 1459 concerne
1080 1423 1138 1458 les
1171 1423 1366 1459 rheteurs
1399 1444 1454 1448 —
1484 1424 1675 1459 solitudo
1708 1426 1773 1460 est
1807 1434 1815 1459 :
1850 1426 1891 1460 at
1922 1434 2048 1470 quam

411 1482 581 1517 celebres
596 1482 761 1517 culinae
775 1484 886 1526 sunt,
903 1484 1060 1528 quanta
1074 1483 1229 1517 circum
1244 1485 1440 1527 nepotum
1454 1480 1564 1527 socos
1582 1483 1779 1518 iuuentus
1791 1483 2019 1528 premitur!
2036 1494 2051 1518 »

495 1542 532 1577 9.
564 1562 619 1566 —
679 1542 929 1577 Sestertium
952 1542 1134 1577 milliens
1161 1552 1168 1576 :
1195 1542 1247 1577 26
1273 1542 1459 1577 millions
1485 1542 1537 1577 de
1561 1542 1718 1577 francs.
1744 1542 1853 1587 Voy.
1879 1542 1921 1577 13
1944 1544 2047 1578 note

411 1610 482 1636 sur
516 1601 696 1636 sestertio
731 1601 778 1646 (ξ
813 1602 869 1645 4).
902 1621 957 1625 -
1019 1601 1242 1647 Congiaria
1279 1613 1287 1636 :
1325 1602 1362 1636 le
1398 1602 1535 1637 subst.
1573 1601 1838 1646 conqiarium
1873 1601 2047 1647 designe

411 1660 729 1704 generalement
759 1660 832 1695 des
863 1661 1168 1696 distributions
1199 1670 1251 1695 en
1281 1663 1437 1696 nature
1467 1670 1522 1695 ou
1553 1671 1604 1696 en
1635 1661 1805 1706 especes
1835 1661 1962 1697 faites
1993 1670 2048 1697 au

410 1719 578 1764 peuple.
615 1719 647 1754 Il
678 1729 702 1754 a
732 1722 949 1755 rarement
978 1720 1017 1755 le
1047 1728 1141 1755 sens
1174 1720 1225 1755 de
1254 1721 1459 1765 largesses
1491 1720 1620 1755 faites
1653 1721 1677 1755 3
1706 1730 1765 1755 un
1795 1720 2048 1765 particulier

411 1788 577 1814 comme
597 1779 676 1822 ici;
700 1779 752 1814 cf.
777 1779 1021 1824 cependant
1045 1779 1161 1815 Suet.
1190 1780 1273 1814 Iul.
1299 1779 1502 1815 XXVII:
1527 1791 1542 1814 «
1560 1780 1777 1816 Inuitatos
1799 1780 1870 1815 uel
1892 1782 2048 1824 sponte

410 1839 466 1873 ad
494 1848 537 1873 se
565 1838 848 1874 commeantis
877 1839 1094 1874 uberrimo
1123 1839 1338 1883 conqiario
1367 1840 1725 1884 prosequebatur.
1750 1851 1765 1873 ›>
1794 1860 1850 1864 —
1911 1840 2047 1875 Comi-

408 1898 644 1933 sationibus
674 1908 682 1933 ε
726 1909 740 1932 «
762 1898 897 1943 orgies
921 1909 949 1941 »,
978 1899 1031 1934 cf.
1061 1898 1099 1933 le
1140 1906 1236 1943 grec
1273 1909 1392 1945 κῶμος.
1425 1919 1479 1923 -
1539 1899 1790 1934 Sestertium
1817 1899 2006 1934 centiens
2035 1909 2044 1935 ε

411 1958 460 1992 10
486 1957 670 1992 millions
697 1958 748 1992 de
773 1960 991 2001 sesterces,
1019 1958 1283 1993 c'est-a-dire
1309 1959 1333 1993 2
1356 1958 1436 1994 600
1459 1958 1539 1994 ΟΟΟ
1564 1958 1615 1993 fr.
1643 1959 1752 2004 Voy.
1779 1958 1821 1993 la
1845 1960 1948 1994 note
1972 1968 2045 1993 sur

408 2016 588 2051 sestertio
621 2017 667 2061 (ξ
688 2017 744 2061 4).
777 2037 832 2041 ———
886 2018 1029 2053 Vitam
1059 2018 1202 2052 finiuit
1226 2029 1233 2053 :
1268 2018 1320 2053 cf.
1346 2019 1458 2054 Dion
1482 2018 1604 2054 LVII
1628 2019 1678 2053 19
1701 2029 1709 2053 :
1740 2030 1754 2051 «
1773 2022 1906 2061 Ἐπειδὴ
1927 2024 2046 2064 μαθεῖν

407 2093 486 2112 ποτε
516 2081 683 2120 ἐθελήσας,
711 2083 772 2113 ὅσα
797 2093 832 2112 τε
855 2084 915 2120 ἠδη
941 2082 1161 2114 mmmmm
1186 2084 1239 2114 καὶ
1265 2085 1325 2115 ὅσα
1344 2083 1386 2114 ἐτ’
1411 2084 1516 2125 εἶχεν,
1545 2085 1676 2126 ἑγνω...,
1705 2082 1853 2122 ἐλυπήθη
1878 2094 1913 2115 τε
1938 2083 1979 2122 ὡς
1993 2084 2046 2114 καὶ

406 2142 489 2182 λιμῷ
517 2142 720 2179 τελευτήσειν
751 2142 879 2182 μέλλων
911 2143 964 2172 καὶ
992 2141 1109 2172 ἑαυτὸν
1136 2143 1333 2184 διέφθειρεν.
1359 2150 1374 2171 ›>
1403 2159 1458 2162 --
1513 2139 1710 2173 Victurus
1734 2149 1742 2173 Ζ
1777 2138 1929 2182 partic.
1962 2137 2044 2173 fut.

409 2195 432 2229 a
470 2205 564 2230 sens
601 2195 782 2238 d'irreel,
820 2205 919 2240 voy.
958 2196 999 2230 13
1039 2199 1141 2231 note
1178 2206 1250 2231 sur
1286 2197 1479 2232 morituri
1516 2198 1562 2242 (ξ
1588 2198 1643 2243 7).
1677 2197 1900 2233 Tite-Live
1937 2197 2045 2232 offre

407 2255 506 2299 (le'ja
532 2255 604 2290 des
632 2255 846 2299 exemples
875 2255 927 2290 de
954 2258 1022 2291 cet
1049 2256 1207 2300 emploi
1234 2257 1286 2292 de
1312 2257 1353 2291 la
1378 2257 1516 2292 forme
1542 2266 1594 2292 en
1622 2267 1722 2292 urus
1749 2266 1762 2291 :
1792 2256 2041 2292 «Bellum...

406 2324 740 2359 mansurumque
765 2314 809 2349 in
835 2314 1071 2350 uisceribus
1098 2315 1158 2350 rei
1183 2316 1398 2360 publicae,
1425 2317 1463 2352 si
1494 2317 1634 2362 plures
1672 2316 1829 2352 Fabios
1866 2316 2044 2361 impera-

406 2375 508 2408 tores
531 2373 702 2408 haberet.
719 2385 733 2407 »
756 2373 914 2418 (XXII
937 2374 1004 2417 38,
1031 2375 1135 2420 7-8.)
1160 2374 1354 2421 Seneque
1379 2385 1431 2411 en
1455 2385 1479 2410 a
1501 2385 1561 2410 un
1585 2376 1722 2421 grand
1745 2375 1941 2419 nombre,
1965 2384 2044 2419 par

407 2432 601 2476 exemple
631 2433 691 2467 De
720 2432 823 2468 Ben.
862 2433 929 2468 III
966 2433 1034 2477 35,
1074 2434 1098 2469 5
1126 2445 1134 2469 t
1176 2435 1343 2470 «Pater
1367 2435 1459 2470 filio
1484 2435 1624 2470 uitam
1651 2435 1772 2471 dedit
1796 2435 2041 2480 perituram,

405 2491 493 2526 nisi
532 2492 663 2527 multa
704 2493 981 2536 accessissent,
1024 2501 1139 2538 quae*
1175 2494 1294 2529 illam
1334 2496 1575 2530 tuerentur.
1601 2506 1615 2528 »
1658 2494 1719 2530 Cf.
1763 2503 1914 2530 encore
1957 2493 2040 2539 Ep.

408 2550 569 2586 XXIII
587 2550 611 2586 6
629 2551 836 2596 (potent.)
861 2563 870 2595 ;
892 2552 990 2588 Nat.
1012 2553 1175 2597 Quaest.
1196 2554 1283 2588 VII
1303 2554 1369 2598 16,
1390 2554 1409 2589 1
1431 2554 1602 2599 (irreel).

495 2610 557 2646 lo.
589 2631 644 2634 —
701 2610 720 2645 Ι
739 2621 854 2646 nunc
874 2616 915 2646 et
934 2616 1039 2656 puta
1062 2622 1070 2647 :
1093 2612 1146 2648 cf.
1170 2613 1231 2648 VI
1253 2613 1290 2648 8.
1313 2633 1368 2638 —
1424 2614 1490 2649 Ad
1510 2623 1601 2649 rem
1619 2613 1829 2658 pertinere
1850 2623 1859 2648 ε
1882 2623 1898 2647 «
1920 2612 2042 2648 avoir

406 2670 458 2704 de
478 2670 778 2714 l'importance
801 2682 828 2706 ›>.
851 2691 906 2695 —-—
922 2671 1014 2706 Non
1036 2672 1170 2707 animi
1194 2683 1202 2707 :
1226 2673 1367 2718 suppl.
1391 2673 1571 2708 modum.
1595 2693 1650 2697 —-
1682 2673 1841 2708 Vltima
1859 2686 1909 2702 =
1929 2682 1944 2706 «
1966 2671 2041 2716 qui

405 2738 584 2774 marque
606 2729 648 2764 13
669 2729 731 2764 fin
756 2729 807 2764 de
830 2732 929 2765 tout
953 2742 981 2774 ›>,
1006 2731 1058 2766 cf.
1086 2731 1190 2766 Hor.
1215 2731 1297 2777 Ep.
1328 2733 1345 2767 I
1370 2732 1436 2776 16,
1462 2732 1512 2768 79
1538 2743 1546 2767 :
1573 2743 1588 2766 «
1611 2733 1723 2768 Mors
1749 2732 1898 2767 ultima
1927 2730 2041 2766 linea

405 2798 546 2823 rerum
574 2790 651 2824 est.
677 2800 691 2822 »
723 2808 791 2824 .—
850 2789 1136 2826 Saluberrima
1166 2801 1174 2825 :
1205 2802 1219 2825 <‹
1246 2791 1431 2837 Ingeniis
1459 2791 1621 2829 talibus
1648 2792 1784 2827 exitus
1810 2790 2039 2826 remedium

405 2850 461 2882 est
491 2848 792 2893 optimumque
822 2851 887 2883 est
917 2849 1034 2884 abire
1065 2850 1116 2893 ei,
1148 2850 1222 2895 qui
1252 2851 1308 2886 ad
1337 2858 1382 2886 se
1413 2860 1654 2896 numquam
1684 2851 1901 2886 rediturus
1933 2851 1998 2884 est
2022 2860 2037 2883 »

405 2907 488 2949 (De
515 2907 616 2942 Ben.
643 2907 729 2943 VII
753 2907 820 2951 20,
844 2908 902 2953 3),
927 2909 1034 2943 mais
1059 2909 1146 2944 ceci
1170 2910 1282 2946 n'est
1306 2910 1400 2946 vrai
1425 2920 1508 2955 que
1533 2911 1640 2945 dans
1665 2911 1724 2946 les
1750 2917 1820 2945 cas
1846 2909 1899 2945 de
1922 2909 2038 2945 vices

404 2967 616 3002 inveteres
655 2969 698 3003 et
733 2967 1061 3012 inguerissables
1091 2979 1099 3003 :
1139 2980 1154 3002 «
1175 2969 1257 3005 Sed
1293 2969 1390 3005 haec
1426 2979 1524 3005 rara
1559 2970 1748 3015 nequitia
1785 2970 1844 3005 est
1878 2977 2041 3013 semper
