2154 3377
335 193 396 224 Al)
433 192 649 224 iiELleM
689 191 887 223 MATREM
925 191 988 222 1)ss
1020 191 1400 228 ‹:‹)Ns‹)1.A'r1‹›NF:‚
1438 191 1626 221 xul-xlv
1747 178 1803 222 79

162 315 352 360 matres,
389 322 508 367 quae
543 309 808 366 potentiam
843 308 1094 350 liberorum
1129 307 1342 349 muliebri
1379 307 1642 362 inpotentia
1677 321 1809 350 excr-

161 385 284 430 cent,
324 394 459 438 quae,
498 381 608 437 quia
646 379 832 423 feminis
869 380 1067 422 honores
1104 390 1197 419 non
1235 377 1343 420 licet
1377 390 1549 433 gerere,
1588 391 1668 433 per
1706 378 1806 420 illos

160 451 439 495 ambitiosae
479 455 606 501 sunt,
640 462 759 507 quae
793 449 1076 507 patrimonia
1114 449 1319 491 filiorum
1357 452 1407 491 et
1441 448 1728 491 exhauriunt
1759 453 1807 491 et

161 526 375 579 captant,
412 535 531 579 quae
569 521 890 578 eloquentiam
938 520 1282 563 commodando
1322 519 1425 563 aliis
1467 519 1673 575 fatigant
1710 534 1719 562 :
1754 524 1802 561 tu

161 593 413 636 liberorum
444 597 635 636 tuorum
666 592 803 635 bonis
833 592 1088 649 plurimum
1119 591 1282 647 ganisa
1312 604 1375 640 es,
1408 591 1655 633 minimum
1687 603 1766 633 usa
1798 605 1808 640 ;

160 669 215 708 tu
250 664 524 708 liberalitati
562 668 748 707 nostrae
786 677 968 720 semper
1004 663 1270 720 imposuisti
1308 662 1517 711 modum,
1555 675 1661 705 cum
1698 665 1808 704 tuae

160 748 254 778 non
276 736 540 792 imponeres
566 750 576 785 ;
601 739 654 778 tu
683 735 774 778 filia
798 735 1003 778 familiae
1028 733 1342 790 locupletibus
1365 733 1474 776 filiis
1496 732 1619 775 ultro
1644 736 1811 775 contu-

160 807 255 850 listi
281 821 292 857 ;
315 810 370 850 tu
394 807 680 863 patrimonia
706 810 867 849 nostra
891 806 957 849 sic
978 804 1339 853 administrasti,
1365 807 1421 846 ut
1442 807 1690 860 tamquam
1715 804 1811 845 tuis

159 877 411 928 laborares,
455 881 702 934 tamquam
744 877 909 920 alienis
949 876 1247 926 abstineres;
1288 879 1342 918 tu
1382 874 1562 930 gratiae
1605 877 1809 924 nostrae,

159 952 407 1004 tamquam
449 949 612 991 alienis
653 948 791 991 rebus
831 947 1042 997 utereriS‚
1084 946 1335 1003 pepercisti
1374 950 1425 988 et
1462 959 1523 989 ex
1555 945 1811 988 honoribus

238 1036 278 1068 N.
301 1037 337 1068 C.
362 1054 397 1059 —
423 1036 513 1068 XIV
532 1037 564 1068 3.
595 1037 708 1068 intuis
721 1037 753 1067 A
772 1036 867 1074 ;tu1's
881 1036 991 1067 Gertz
1005 1034 1095 1074 (uid.
1109 1035 1186 1066 eius
1199 1034 1390 1066 Stud.c1·it.
1405 1043 1440 1074 p.
1457 1034 1551 1074 161).

159 1110 257 1145 voir
279 1123 294 1143 ιι
317 1121 327 1153 ;
350 1110 446 1145 sen.
474 1110 541 1145 Ad
563 1109 708 1154 Polyb.
733 1109 848 1144 XIII
870 1110 894 1144 3
918 1120 928 1152 ;
951 1109 1135 1144 Petrone
1158 1108 1285 1143 LXII
1309 1109 1372 1143 14.
1405 1128 1459 1132 —
1518 1107 1807 1146 Potentiam...

160 1165 400 1213 inpotentia
424 1179 433 1203 ε
456 1177 556 1213 voy.
580 1168 621 1203 la
645 1170 747 1203 note
770 1177 842 1203 sur
863 1169 1001 1213 luyere
1024 1167 1147 1203 uiuos
1169 1168 1234 1213 (II
1257 1167 1313 1212 5).
1341 1168 1488 1212 Quant
1512 1167 1535 1202 a
1559 1166 1806 1212 inpotentia,

158 1227 385 1273 signifiant
416 1239 431 1261 «
454 1227 743 1272 impuissance
774 1227 798 1262 a
828 1237 871 1263 se
902 1227 1131 1270 mattriser,
1162 1227 1355 1262 violence
1380 1239 1409 1270 »‚
1440 1226 1493 1261 cf.
1526 1225 1806 1270 l'expression

161 1287 353 1332 inpotens
378 1287 448 1322 sui
481 1303 519 1316 =
550 1299 565 1320 «
589 1287 662 1332 qui
688 1286 799 1322 n’est
826 1296 902 1332 pas
928 1287 1083 1322 maitre
1115 1286 1167 1321 de
1191 1286 1254 1321 soi
1278 1298 1307 1330 »,
1333 1289 1376 1322 et
1401 1295 1502 1331 voy.
1531 1285 1636 1320 Hor.
1665 1285 1803 1321 Carm.

163 1345 230 1382 III
246 1345 314 1389 30,
331 1346 427 1389 3,et
445 1343 543 1380 Tac.
566 1346 680 1381 Ann.
705 1346 776 1381 14.
809 1346 1003 1391 seneque
1029 1345 1213 1391 emploie
1243 1345 1413 1380 ailleurs
1436 1345 1539 1390 (Ep.
1559 1343 1807 1379 LXXXIII

161 1405 246 1450 10),
274 1405 396 1450 inpos
420 1406 490 1441 sui
516 1406 590 1451 qui
616 1415 669 1440 ne
693 1415 737 1440 se
760 1407 919 1440 trouve
944 1415 1028 1451 que
1053 1406 1156 1441 chez
1183 1405 1337 1441 Plaute
1364 1407 1407 1440 et
1431 1404 1490 1440 les
1517 1404 1727 1439 e'crivains
1753 1404 1806 1439 de

158 1464 381 1509 l’Empire.
404 1464 466 1500 Cf.
488 1465 610 1500 Paul.
636 1475 684 1500 ex
712 1465 820 1500 Fest.
847 1474 888 1509 p.
915 1465 967 1501 96
992 1465 1250 1510 (Lindsay):
1279 1465 1441 1509 «Inpos
1470 1466 1549 1507 est,
1570 1463 1645 1508 qui
1673 1463 1806 1498 animi

157 1524 224 1559 sui
246 1526 401 1568 potens
427 1533 514 1558 non
539 1527 618 1568 est,
643 1524 718 1570 qui
741 1525 936 1560 animum
960 1534 1086 1560 suum
1110 1525 1154 1559 in
1178 1526 1399 1569 potestate
1423 1533 1510 1558 non
1534 1523 1680 1559 habet.
1700 1534 1727 1558 ».
1752 1544 1807 1548 —

159 1583 242 1619 Sur
260 1583 301 1618 la
322 1583 496 1626 femme,
521 1583 730 1629 Se'neque,
752 1583 914 1629 malgre
934 1584 1144 1620 certaines
1165 1583 1280 1619 idees
1303 1593 1420 1619 assez
1439 1583 1577 1629 larges
1598 1583 1689 1628 (Ad
1709 1584 1802 1620 Hel.

166 1642 234 1678 111
257 1642 298 1686 2,
322 1642 454 1678 XVII
479 1643 551 1678 3-4
575 1654 585 1686 ;
615 1643 683 1678 Ad
710 1644 844 1678 Marc.
873 1643 980 1678 XVI
1007 1641 1050 1688 1)
1073 1645 1255 1688 partage
1279 1653 1338 1678 un
1363 1643 1500 1688 grand
1526 1643 1706 1679 nombre
1731 1643 1804 1679 des

162 1701 362 1747 prejuges
382 1702 434 1737 de
454 1711 532 1737 son
554 1702 722 1748 epoque
740 1705 783 1738 et
803 1703 854 1738 de
872 1705 997 1738 toute
1015 1703 1267 1748 l'antiquite
1288 1713 1296 1737 ε
1316 1702 1358 1737 13
1376 1702 1535 1738 femme
1553 1704 1618 1737 est
1637 1711 1695 1737 un
1715 1704 1805 1739 etre

158 1761 403 1805 d'instinct,
425 1761 653 1806 incapable
675 1762 727 1797 de
747 1771 791 1797 se
814 1762 1010 1797 dominer
1032 1762 1116 1807 (De
1139 1762 1211 1798 Ira
1236 1762 1253 1797 I
1275 1762 1343 1806 20,
1365 1762 1423 1806 3),
1446 1761 1489 1796 ni
1510 1762 1563 1797 de
1584 1762 1806 1798 raisonner

157 1821 243 1866 (De
266 1821 391 1856 Clem.
418 1820 460 1856 II
482 1821 521 1864 5,
544 1822 564 1856 1
591 1832 601 1864 ;
623 1821 675 1856 cf.
704 1822 766 1857 De
789 1821 905 1857 Rem.
930 1821 1041 1857 Fort.
1066 1821 1173 1857 XVI
1194 1822 1250 1867 4).
1278 1821 1311 1856 Il
1332 1831 1389 1857 va
1409 1821 1570 1866 parfois
1598 1822 1804 1868 jusqu'au

157 1880 315 1925 ineptis
333 1880 418 1925 (De
437 1879 575 1916 Const.
597 1880 704 1916 XIV
722 1881 777 1925 1).
796 1901 851 1905 —
909 1881 988 1916 Per
1003 1881 1099 1916 illos
1115 1881 1368 1917 ambitIosae
1388 1892 1396 1916 ;
1415 1881 1652 1926 Agrippine
1670 1891 1721 1917 en
1739 1883 1805 1917 est

157 1949 217 1974 un
245 1939 411 1975 illustre
439 1940 649 1984 exemple.
681 1960 736 1965 ——-
798 1940 1100 1987 Eloquentiam
1130 1951 1138 1975 :
1169 1940 1271 1976 celle
1299 1941 1352 1976 de
1379 1940 1471 1976 leur
1498 1940 1566 1976 fils
1591 1951 1602 1984 ;
1629 1941 1654 1976 a
1680 1941 1801 1977 l'acc.

156 2008 326 2034 comme
351 1999 645 2044 complement
667 1999 720 2035 de
741 1998 1039 2035 commodando
1058 2002 1101 2035 et
1126 1999 1178 2035 de
1202 2000 1399 2045 fatigant.
1435 2000 1516 2036 Sur
1547 2000 1588 2035 13
1606 2001 1803 2036 connais-

156 2066 285 2093 sance
316 2067 399 2103 que
438 2058 634 2103 seneque
666 2061 837 2095 montre
870 2060 924 2096 ici
950 2060 1022 2095 des
1048 2060 1229 2096 femmes
1256 2060 1313 2094 du
1339 2060 1476 2105 grand
1501 2060 1674 2104 monde,
1698 2069 1798 2106 voy.

159 2117 318 2153 Introd.
349 2126 422 2162 pp.
451 2117 637 2153 VI-VII.

243 2176 282 2212 3.
313 2197 370 2202 —
427 2177 533 2213 Filia
562 2188 571 2213 :
599 2187 677 2213 son
704 2178 804 2223 pere
832 2179 974 2215 vivait
1001 2189 1152 2215 encore
1179 2179 1252 2224 (cf.
1283 2179 1440 2214 XVIII
1468 2179 1525 2224 9),
1552 2188 1631 2223 par
1657 2179 1803 2215 conse-

157 2238 295 2281 quent
314 2236 392 2272 elle
412 2236 580 2273 n’avait
599 2246 676 2281 pas
696 2247 851 2273 encore
868 2240 994 2274 toute
1011 2238 1053 2274 13
1071 2239 1247 2275 fortune
1267 2247 1350 2284 que
1369 2238 1410 2273 13
1428 2240 1543 2273 mort
1563 2237 1615 2273 de
1634 2238 1802 2274 celui-ci

157 2294 306 2330 devait
326 2295 386 2330 lui
405 2295 566 2331 laisser.
598 2316 654 2322 -—
713 2296 1013 2342 Locupletibus
1033 2298 1133 2333 filiis
1154 2309 1162 2333 :
1185 2298 1311 2341 donc,
1332 2307 1499 2333 comme
1518 2297 1555 2333 le
1575 2307 1802 2343 remarque

156 2353 284 2390 Juste
318 2353 459 2399 Lipse,
502 2354 561 2390 les
590 2355 796 2391 richesses
841 2356 875 2391 si
918 2359 1106 2392 souvent
1148 2357 1401 2402 reprochees
1446 2366 1502 2392 au
1545 2357 1800 2402 philosophe

158 2412 372 2449 n’etaient
402 2421 478 2458 pas
510 2414 614 2450 dues
649 2415 995 2452 exclusivement
1025 2416 1050 2452 a
1078 2417 1120 2452 13
1149 2417 1436 2452 munificence
1473 2416 1526 2452 de
1556 2416 1714 2452 Neron.
1748 2437 1801 2440 —

155 2471 275 2507 Vltro
303 2482 311 2507 :
342 2484 357 2506 «
379 2481 434 2507 au
462 2473 572 2517 dela,
600 2483 652 2509 en
680 2474 844 2510 faisant
870 2475 967 2519 plus
985 2476 1117 2521 qu'on
1146 2474 1258 2512 n'est
1275 2478 1381 2512 tenu
1402 2476 1455 2511 de
1476 2476 1583 2512 faire
1601 2476 1746 2521 (ultra)
1771 2489 1799 2519 »,

158 2530 282 2567 d’ou:
311 2531 583 2576 «librement,
609 2533 661 2569 de
683 2542 760 2568 son
783 2533 899 2578 plein
920 2535 1033 2580 gre».
1060 2536 1149 2571 Sua
1167 2537 1312 2581 sponte
1332 2533 1591 2580 (apparente
1611 2536 1634 2571 a
1655 2539 1798 2579 σπένδω)

167 2607 205 2619 =
246 2601 262 2624 «
283 2600 334 2626 en
383 2599 461 2626 son
498 2600 654 2637 propre
686 2602 803 2636 nom,
835 2602 914 2638 par
937 2594 1176 2638 soi-meme,
1212 2595 1265 2630 de
1299 2604 1347 2630 sa
1387 2604 1542 2639 propre
1567 2595 1744 2630 volonte
1768 2607 1796 2638 »,

156 2649 262 2694 (litt.
288 2660 297 2685 ε
323 2661 339 2684 «
360 2658 458 2686 sous
481 2660 546 2686 ses
566 2660 743 2696 propres
766 2652 962 2697 auspices
987 2653 1032 2698 »).
1056 2664 1071 2687 «
1090 2654 1244 2699 Sponte
1271 2654 1438 2700 evoque
1463 2664 1547 2689 une
1567 2654 1661 2689 idee
1688 2654 1798 2689 d'in-

155 2708 454 2754 dependance,
496 2709 601 2746 ultro
625 2719 709 2747 une
739 2709 835 2748 idee
862 2711 1142 2748 d’initiative.
1167 2725 1182 2747 »
1221 2713 1315 2758 (Ch.
1352 2713 1539 2757 Plesent,
1567 2714 1623 2749 Le
1652 2713 1795 2757 Culex,

157 2768 223 2803 ed.
258 2769 353 2804 crit.
392 2771 435 2804 et
469 2769 673 2814 explicat.
707 2771 869 2817 (1910),
903 2781 958 2806 au
992 2781 1033 2807 v.
1068 2772 1181 2817 287).
1212 2772 1363 2808 Tacite
1403 2773 1591 2809 confond
1623 2773 1726 2808 ultro
1752 2775 1795 2808 et

156 2830 301 2873 sponte
316 2828 453 2873 (Dial.
468 2829 520 2872 V;
537 2829 650 2865 Hist.
672 2830 689 2865 I
704 2830 772 2874 32,
792 2831 851 2867 IV
867 2831 951 2877 41).
976 2830 1037 2867 Cf.
1057 2830 1103 2867 F.
1126 2830 1397 2877 Heerdegen,
1417 2831 1526 2868 Uber
1550 2831 1796 2877 Bedeutuny

158 2886 246 2922 und
295 2886 509 2923 Gebtauch
547 2888 618 2924 der
664 2888 818 2925 Wo'rter
861 2891 1006 2934 sponte
1049 2891 1136 2926 und
1179 2890 1284 2926 ultro
1327 2890 1383 2926 im
1428 2891 1580 2926 &neren
1627 2889 1790 2926 Latein.

157 2943 387 2992 Erlangen‚
418 2946 502 2984 vol.
534 2946 553 2983 I
583 2948 705 2993 1914,
726 2950 810 2985 vol.
838 2948 882 2985 ΙΙ
914 2948 1036 2994 1916,
1067 2971 1122 2975 —
1155 2951 1503 2987 Administrasti:
1537 2960 1591 2986 on
1618 2959 1671 2986 ne
1699 2951 1791 2986 voit
