2195 3345
441 200 500 246 92
736 216 779 247 L.
815 215 979 247 ANNAEI
1012 216 1207 248 SENECAE
1238 217 1559 250 DIALOGORUM
1593 220 1687 251 LIB.
1724 221 1793 253 XII

438 333 589 377 bonas
609 337 736 377 artes
758 347 853 377 non
877 334 1067 390 quidem
1088 335 1441 391 comprendisti‚
1459 336 1663 392 attigisti
1690 340 1867 381 tamen.
1885 339 2079 384 Vtinam

439 405 629 461 quidem
643 405 852 448 uirorum
869 405 1094 462 optimus,
1108 410 1244 462 pater
1259 419 1406 456 meus,
1417 407 1574 450 minus
1584 408 1816 452 maiorum
1831 415 2081 455 consuetu-

437 476 534 520 dini
571 477 761 520 deditus
798 477 1028 520 uoluisset
1058 480 1106 520 te
1143 477 1409 534 praeceptis
1434 478 1693 535 sapientiae
1719 481 1892 523 erudiri
1918 482 2079 538 potius

437 561 580 604 quam
606 548 754 591 imbui
779 548 788 591 !
818 561 912 590 non
937 549 1203 605 parandum
1232 548 1321 592 tibi
1349 562 1475 593 nunc
1502 553 1627 592 esset
1653 551 1883 594 auxilium
1913 556 2077 596 contra

435 769 490 774 -
548 749 690 785 Bonas
713 753 826 785 artes
851 759 860 784 t
885 749 938 785 cf.
968 749 1033 785 IX
1057 749 1094 785 4.
1127 770 1182 774 ——
1240 750 1420 794 Quidem
1445 760 1453 785 :
1479 750 1503 785 a
1527 760 1573 785 ce
1597 752 1689 786 mot
1713 751 1912 796 s'oppose
1935 754 2072 788 tamen

436 808 510 854 qui
544 808 646 852 suit,
683 808 736 843 cf.
774 808 836 844 VI
873 808 912 844 3.
956 829 1012 833 —
1072 809 1381 855 comprendisti
1421 818 1582 854 oppose
1629 819 1715 846 une
1764 811 2072 848 connaissance

434 867 720 913 approfondie
753 869 796 903 et
830 867 1113 914 methodique
1147 868 1172 904 a
1205 869 1278 904 des
1313 868 1486 904 notioris
1521 869 1824 913 superficielles
1859 870 2070 916 (attiqisti,

432 947 487 952 —-
507 927 708 972 attingere
738 944 777 957 =
805 938 820 961 «
842 927 1041 963 effleurer
1065 928 1110 972 »›>.

515 987 553 1023 4.
585 1007 641 1011 --
695 987 895 1022 Virorum
933 987 1119 1032 optimus
1160 997 1168 1022 :
1209 996 1309 1033 voy.
1354 987 1510 1022 Introd.
1561 989 1580 1032 ξ
1621 987 1685 1023 13.
1717 1008 1773 1012 ——
1829 989 2069 1035 Praeceptis

430 1046 664 1092 sapientiae
688 1046 846 1082 erudiri
871 1057 879 1082 :
906 1054 1014 1082 nous
1039 1056 1175 1083 avons
1200 1056 1259 1082 vu
1284 1046 1412 1091 (XVI
1438 1047 1458 1081 1
1487 1048 1530 1082 et
1553 1046 1591 1082 le
1617 1047 1946 1094 commentaire)
1971 1058 2068 1094 que,

429 1108 530 1142 tout
553 1115 605 1141 en
629 1108 890 1151 partageant
913 1106 971 1141 les
996 1106 1194 1151 prejuges
1219 1106 1271 1141 de
1293 1106 1544 1151 l'antiquite
1567 1114 1639 1141 sur
1661 1106 1930 1143 l’inferiorite
1953 1107 2006 1143 de
2026 1108 2069 1143 13

428 1166 602 1209 femme,
627 1165 822 1211 seneque
845 1165 927 1201 fait
951 1166 1024 1201 des
1049 1165 1301 1210 exceptions
1326 1175 1378 1201 en
1401 1165 1555 1201 faveur
1578 1165 1630 1200 de
1655 1166 1864 1201 certaines
1888 1166 2067 1203 femmes

429 1225 588 1261 d'elite.
627 1225 661 1260 Il
691 1234 749 1261 va
780 1235 932 1261 encore
963 1225 1060 1270 plus
1092 1225 1180 1260 loin
1211 1225 1280 1268 ici,
1313 1225 1520 1270 puisqu’il
1552 1225 1690 1260 desire
1723 1235 1806 1270 que
1837 1225 1879 1261 la
1909 1225 2069 1262 femme

427 1285 596 1330 recoive
618 1294 704 1320 une
726 1285 839 1320 forte
861 1285 1123 1320 instruction
1146 1284 1481 1329 philosophique
1504 1295 1514 1328 ;
1538 1284 1591 1319 cf.
1622 1284 1690 1319 Ad
1715 1285 1850 1320 Marc.
1877 1285 1984 1321 XVI
2008 1286 2028 1321 1
2057 1296 2066 1322 ε

428 1356 443 1378 «
467 1345 569 1389 Quis
595 1347 744 1380 autern
770 1344 881 1380 dixit
905 1346 1111 1380 naturam
1136 1344 1323 1389 maligne
1348 1353 1447 1379 cum
1471 1344 1697 1380 mulierum
1725 1344 1910 1389 ingeniis
1934 1345 2068 1390 egisse

427 1406 470 1440 et
504 1404 691 1440 uirtutes
726 1404 899 1439 illarum
939 1404 984 1439 in
1026 1406 1172 1439 artum
1212 1403 1445 1439 retraxisse
1467 1403 1487 1438 ‘2
1525 1403 1612 1438 Par
1649 1403 1749 1447 illis,
1785 1403 1892 1439 mihi
1927 1404 2065 1448 crede,

427 1464 562 1509 uigor,
593 1474 673 1509 par
703 1464 756 1499 ad
786 1463 969 1506 honesta,
1001 1463 1127 1498 libeat
1157 1462 1386 1507 (tantum),
1417 1463 1596 1507 facultas
1629 1464 1698 1498 est.
1724 1474 1739 1496 »
1769 1462 1888 1507 (Cela
1918 1465 1983 1499 est
2013 1473 2066 1499 en

425 1523 746 1559 contradiction
774 1532 880 1558 avec
904 1532 964 1557 un
992 1524 1116 1558 autre
1143 1529 1323 1567 passage
1350 1522 1408 1556 du
1435 1522 1575 1556 meme
1602 1529 1792 1566 ouvrage
1819 1522 1925 1567 (VII
1951 1522 1995 1568 3)
2022 1525 2065 1559 et

424 1583 483 1618 les
502 1589 704 1628 passages
725 1582 830 1618 cites
850 1591 903 1618 en
922 1584 1026 1617 note
1044 1582 1140 1626 plus
1161 1582 1269 1617 haut
1289 1581 1416 1626 (XIV
1437 1580 1494 1625 1),
1514 1581 1622 1616 mais
1642 1581 1701 1616 les
1722 1581 2064 1618 contradictions

424 1653 477 1678 ne
500 1645 600 1678 sont
623 1650 701 1687 pas
724 1649 839 1677 rares
864 1641 967 1677 chez
992 1641 1200 1686 Seneque,
1225 1648 1332 1675 nous
1356 1640 1525 1675 l'avons
1551 1639 1651 1685 deja
1677 1640 1910 1686 constate.)
1933 1641 2064 1678 D’ail-

422 1703 550 1746 leurs,
579 1703 618 1737 16
647 1702 865 1737 stoicisme
896 1701 1132 1737 admettait
1160 1702 1260 1735 tout
1297 1701 1387 1735 etre
1417 1699 1599 1734 humain
1632 1700 1655 1736 a
1682 1700 1724 1735 la
1751 1702 1894 1744 vertu,
1922 1700 1975 1736 cf.
2001 1701 2065 1737 De

427 1763 530 1798 Ben.
560 1762 627 1797 III
656 1761 716 1805 18,
740 1761 781 1805 2,
807 1762 850 1796 et
878 1761 1000 1796 Lact.
1037 1761 1140 1795 Inst.
1171 1759 1323 1795 Diuin.
1360 1759 1428 1794 III
1452 1758 1520 1802 25,
1547 1759 1598 1794 7:
1626 1770 1641 1792 «
1661 1759 1839 1795 Stoici...
1864 1762 1908 1796 et
1927 1761 2063 1797 seruis

423 1825 466 1857 et
499 1821 748 1857 mulieribus
780 1820 1179 1865 philosophandum
1212 1826 1302 1854 esse
1335 1818 1555 1854 dixerunt.
1579 1830 1593 1852 »
1628 1819 1686 1854 Le
1715 1819 1811 1863 plus
1845 1819 2063 1856 feministe

422 1882 641 1926 peut-etre
667 1881 719 1916 de
744 1883 844 1916 tous
869 1880 929 1915 les
954 1879 1156 1915 stoiciens
1182 1881 1248 1914 est
1274 1878 1496 1913 Musonius
1524 1878 1665 1913 Rufus
1694 1889 1702 1913 :
1728 1878 1758 1913 il
1783 1878 1998 1915 demande
2019 1879 2062 1915 13

421 1942 561 1976 meme
590 1940 853 1976 instruction
883 1939 968 1984 (ed.
991 1939 1150 1982 Hense,
1183 1938 1308 1982 chap.
1342 1938 1410 1973 III
1441 1940 1484 1973 et
1519 1938 1596 1983 IV)
1628 1940 1672 1973 et
1702 1938 1823 1983 exige
1851 1938 1894 1973 13
1921 1939 2062 1974 meme

421 2001 582 2036 morale
601 2000 745 2045 (chap.
768 1999 874 2042 XII,
894 2008 935 2043 p.
957 1999 1028 2043 66)
1047 2007 1157 2042 pour
1187 1998 1246 2033 les
1279 1998 1394 2033 deux
1423 2005 1558 2033 sexes,
1590 2018 1646 2022 —
1703 1997 1844 2033 Imbui
1862 1997 2061 2042 s'oppose

421 2061 445 2095 a
477 2060 651 2103 erudiri,
684 2068 852 2094 comme
884 2058 980 2102 plus
1013 2058 1122 2093 haut
1155 2057 1334 2102 attigisti
1367 2057 1391 2092 a
1423 2057 1734 2102 comprendisti‚
1769 2056 1822 2092 cf.
1859 2057 1942 2093 Cic.
1978 2057 2060 2093 Pro

423 2119 520 2155 Mil.
550 2119 608 2154 IV
631 2119 682 2154 10
708 2128 715 2153 :
741 2129 756 2152 «
779 2118 876 2153 Non
901 2117 1084 2152 instituti
1106 2116 1182 2152 sed
1207 2116 1358 2151 imbuti
1381 2128 1396 2150 ›>
1417 2118 1461 2151 et
1484 2116 1583 2151 Tac.
1612 2116 1726 2151 Dial.
1753 2116 1866 2151 XIX
1894 2126 1902 2151 :
1927 2127 1943 2150 «
1964 2116 2061 2152 Ele—

419 2179 577 2214 mentis
602 2177 861 2220 studiorum,
887 2177 968 2212 etsi
991 2186 1078 2212 non
1105 2176 1346 2220 instructus,
1372 2178 1418 2211 at
1443 2178 1557 2211 certe
1595 2175 1792 2211 imbutus.
1819 2186 1834 2209 ›>
1869 2175 2059 2212 Imbuere

419 2240 716 2283 (proprement
757 2248 765 2272 :
807 2248 821 2271 «
842 2237 1053 2280 mouiller,
1092 2244 1258 2271 arroser
1281 2235 1328 2280 »),
1367 2235 1536 2280 signifie
1575 2244 1629 2269 au
1667 2235 1740 2280 fig.
1783 2245 1792 2270 :
1832 2246 1848 2269 «
1867 2236 2057 2280 remplir,

418 2298 618 2342 penetrer
637 2297 732 2332 de...
759 2308 787 2339 »,
808 2296 860 2331 cf.
887 2296 951 2331 IX
971 2297 994 2331 7
1014 2298 1059 2331 et
1079 2295 1162 2331 Cic.
1193 2296 1312 2330 Tusc.
1339 2295 1407 2330 III
1427 2295 1465 2338 1,
1486 2295 1510 2330 2
1532 2305 1561 2330 z«
1587 2295 1655 2330 Ita
1673 2294 1804 2329 uariis
1827 2294 2059 2330 imbuimur

419 2357 631 2392 erroribus
656 2358 706 2391 ut
730 2356 921 2391 uanitati
945 2356 1152 2391 ueritas...
1179 2355 1308 2390 cedat
1331 2366 1360 2398 »,
1387 2364 1441 2389 ou
1467 2354 1565 2389 bien
1592 2364 1601 2389 ε
1629 2365 1644 2388 «
1666 2354 1888 2399 enseigner
1911 2363 2057 2399 super-

417 2416 708 2458 ficiellement‚
736 2416 900 2450 donner
925 2424 1010 2450 une
1034 2415 1173 2460 legere
1198 2414 1390 2450 teinture
1413 2425 1440 2449 ›>.
1470 2413 1584 2449 C'est
1609 2413 1647 2448 16
1673 2413 1832 2448 second
1858 2421 1954 2448 sens
1981 2413 2056 2459 qui

418 2479 483 2512 est
517 2476 625 2512 celui
658 2475 711 2510 de
744 2477 868 2510 notre
902 2482 1096 2519 passage.
1129 2494 1184 2509 ÷—
1241 2474 1531 2509 Parandum...
1568 2477 1679 2508 esset
1713 2483 1722 2508 t
1757 2474 1860 2508 esset
1892 2474 1935 2508 et
1967 2482 2055 2508 non

417 2538 515 2579 erat,
543 2556 598 2560 —
623 2535 710 2570 tres
739 2536 918 2577 correct,
947 2543 1074 2578 parce
1103 2543 1186 2578 que
1212 2533 1476 2578 l’obliyation
1505 2532 1757 2576 elle-meme,
1785 2531 1854 2576 ici,
1884 2532 2054 2577 depend

416 2596 546 2630 d’une
568 2594 790 2630 condition
812 2593 1151 2629 sous-entendue
1175 2603 1183 2629 ε
1208 2603 1223 2626 «
1245 2595 1287 2628 tu
1308 2592 1502 2628 n'aurais
1523 2602 1600 2637 pas
1622 2592 1898 2627 maintenant
1918 2591 2054 2627 l’obli-

417 2655 573 2700 yution,
598 2656 640 2689 lu
663 2664 714 2689 ne
737 2656 770 2688 le
795 2653 949 2689 vermis
972 2663 1051 2698 pas
1073 2652 1291 2697 obliyee...,
1315 2652 1350 2687 si
1372 2654 1422 2687 tu
1446 2651 1566 2687 avais
1590 2661 1690 2696 recu
1713 2660 1797 2686 une
1821 2650 2053 2689 education

415 2713 748 2760 philosophique
772 2725 786 2747 »
808 2723 819 2757 ;
845 2713 898 2748 cf.
928 2713 1011 2749 Cic.
1041 2713 1123 2748 Pro
1155 2712 1315 2748 Cluenl.
1343 2712 1405 2747 VI
1432 2711 1483 2746 18
1512 2721 1520 2746 :
1549 2721 1564 2744 (ε
1587 2710 1692 2745 Mihi
1716 2711 1937 2755 ignoscere
1964 2719 2052 2745 non

415 2773 625 2817 deberetis,
647 2773 682 2808 si
703 2775 906 2808 tacerem.
933 2783 948 2806 ›>
968 2772 1037 2807 Au
1059 2771 1289 2815 contraire,
1306 2771 1403 2815 plus
1426 2771 1549 2815 haut,
1562 2770 1591 2805 il
1612 2770 1710 2805 faut
1733 2770 1931 2805 utendum
1951 2771 2050 2813 erat,

413 2833 757 2868 conformement
781 2831 804 2867 a
825 2831 867 2866 la
887 2831 1001 2876 regle
1022 2831 1274 2874 habituelle,
1297 2840 1426 2875 parce
1448 2839 1545 2875 que,
1567 2829 1623 2873 la,
1645 2829 1917 2874 l'obligation
1938 2828 2051 2864 n’est

412 2893 490 2928 liee
515 2893 538 2927 a
562 2901 730 2927 aucune
753 2891 990 2933 condition,
1016 2890 1094 2926 elle
1117 2891 1254 2926 existe
1276 2889 1526 2925 reellement
1550 2900 1560 2932 ;
1584 2888 1638 2924 cf.
1665 2888 1748 2925 Cic.
1776 2888 1886 2924 Phil.
1916 2888 1959 2923 II
1981 2887 2049 2932 38,

413 2952 465 2988 99
494 2963 502 2987 ε
532 2963 546 2986 «
570 2952 707 2996 Quem
733 2951 869 2995 patris
895 2950 1004 2994 loco,
1031 2950 1067 2985 si
1092 2950 1181 2985 ulla
1206 2950 1250 2984 in
1276 2951 1320 2985 te
1347 2949 1486 2994 pietas
1514 2950 1640 2992 esset,
1668 2948 1804 2984 colere
1839 2947 2012 2983 debebas
2035 2958 2050 2982 »
