2195 3345
441 231 499 276 90
743 246 787 276 L.
817 246 980 277 ANNAEI
1014 246 1210 278 SENECAE
1241 247 1561 280 DIALOGORUM
1594 249 1688 280 LIB.
1720 250 1788 281 XII

436 366 598 406 tamen
620 364 935 420 compositum
957 362 1219 420 fictumque
1241 364 1427 408 uoltum
1450 365 1668 409 lacrimae
1690 368 2045 423 profunduntur
2069 385 2081 420 ;

436 434 558 477 ludis
580 434 769 478 interim
793 437 881 477 aut
901 434 1244 490 gladiatoribus
1271 436 1483 479 animum
1515 449 1802 494 occupamus
1830 454 1839 481 :
1870 443 1925 482 at
1945 439 2076 483 illum

435 505 558 549 inter
588 506 704 562 ipsa,
739 505 911 561 quibus
940 509 1186 556 auocatur‚
1219 508 1488 563 spectacula
1520 507 1636 550 leuis
1665 508 1824 565 aliqua
1859 510 2074 554 desiderii

434 580 549 619 nota
571 576 773 619 subruit.
802 576 910 619 Ideo
934 577 1101 620 melius
1121 581 1195 620 est
1216 578 1401 622 uincere
1423 578 1555 622 illum
1580 591 1723 635 quam
1746 579 1904 623 fallere
1931 595 1943 631 ;
1964 594 2073 624 nam

434 647 514 704 qui
542 647 732 691 delusus
757 650 808 690 et
833 648 1166 704 uoluptatibus
1192 652 1279 692 aut
1304 649 1698 705 occupationibus
1723 649 1961 694 abductus
1986 656 2075 702 est,

432 719 634 775 resurgit
662 723 712 761 et
741 719 841 775 ipsa
875 719 1032 775 quiete
1063 719 1295 776 impetum
1326 720 1387 763 ad
1419 720 1726 763 saeuiendum
1757 722 1951 778 conligit
1984 737 1993 766 :
2025 726 2077 765 at

515 870 552 901 x,
575 870 609 901 C.
636 888 669 891 —
695 870 806 901 XVII
825 869 856 900 2.
885 870 989 910 quide
1011 870 1111 900 lusus
1134 872 1163 900 el
1188 871 1217 900 Α
1241 870 1366 909 (supra
1390 871 1431 901 cle
1453 878 1578 901 rasura
1602 872 1657 901 est
1677 879 1685 905 ς
1709 870 1883 902 ultimum
1904 873 1917 902 l
1939 871 1976 903 in
1999 879 2070 903 ras.

435 919 579 958 scripsit
600 919 686 950 fort.
709 928 757 950 m.
782 920 812 950 1.
834 927 899 959 pro
920 921 950 950 sl
970 921 1011 950 ut
1033 918 1125 958 uid.)

435 1075 449 1096 «
470 1062 663 1098 tantOt...
680 1062 830 1098 tant6t
847 1074 873 1097 ».
890 1083 944 1087 —
983 1062 1124 1105 Illum,
1143 1063 1196 1097 ici
1217 1065 1260 1098 et
1277 1072 1330 1097 au
1355 1063 1374 1107 ξ
1392 1062 1431 1105 2,
1451 1071 1496 1097 56
1515 1065 1720 1106 rapporte
1736 1062 1760 1098 a
1781 1063 1998 1108 adfectum.
2015 1084 2069 1089 -—

434 1122 604 1157 Ludis...
622 1122 951 1167 gladiatoribus:
969 1131 1023 1157 on
1045 1131 1070 1156 a
1091 1122 1291 1157 constate
1314 1121 1447 1166 (Spie,
1474 1111 1535 1157 De
1559 1120 1850 1167 philosophiae
1872 1123 2068 1159 Annaea-

433 1191 510 1216 nae
532 1181 732 1226 yradibus
759 1182 1159 1227 mutationibusque)
1189 1191 1248 1216 un
1281 1181 1454 1226 progres
1487 1181 1666 1216 continu
1698 1181 1806 1217 dans
1840 1182 2066 1218 l'attitude

433 1241 485 1276 de
509 1241 703 1286 Se'neque
724 1241 747 1276 a
768 1241 930 1286 l’egard
954 1241 1027 1276 des
1053 1242 1253 1276 cruautes
1277 1241 1329 1276 de
1350 1241 1730 1285 l’amphitheatre:
1752 1241 1806 1277 ici
1830 1244 1873 1277 et
1896 1242 2066 1278 ailleurs

431 1301 522 1345 (Ad
553 1301 696 1345 Polyb.
729 1301 789 1335 VI
819 1301 877 1345 4),
898 1301 927 1335 il
955 1301 1073 1345 parle
1103 1301 1156 1335 de
1184 1308 1251 1336 ces
1281 1300 1560 1335 distractions
1583 1309 1750 1336 comme
1779 1300 1909 1336 d'une
1938 1301 2066 1337 chose

431 1360 642 1395 naturelle
666 1371 675 1403 ;
697 1360 792 1404 plus
813 1360 912 1395 tard
934 1361 1018 1405 (De
1042 1361 1112 1395 ΒΓ.
1148 1360 1226 1396 Vz't.
1251 1360 1366 1395 XIII
1388 1360 1459 1395 6-7
1485 1371 1494 1402 ;
1521 1361 1581 1395 De
1605 1360 1729 1395 Clem.
1757 1360 1774 1395 I
1795 1360 1862 1404 26,
1884 1361 1943 1406 2),
1963 1361 1993 1396 il
2015 1370 2066 1397 en

430 1419 592 1465 signale
614 1420 656 1455 la
680 1420 886 1462 cruaute3
911 1420 1042 1463 enfin,
1069 1420 1175 1454 dans
1204 1428 1268 1455 ses
1303 1419 1456 1454 Lellres
1481 1419 1583 1464 (Ep.
1611 1419 1697 1454 VII
1721 1419 1807 1463 3-6,
1835 1419 1952 1456 XCV
1975 1420 2063 1466 33),

428 1478 458 1516 il
490 1479 700 1525 s’indigne
734 1482 881 1514 contre
913 1480 972 1514 les
1004 1479 1108 1524 jeux
1141 1480 1420 1521 eux-meme&
1455 1487 1562 1513 avec
1593 1478 1838 1523 eloquence.
1874 1479 1929 1514 M.
1964 1479 2063 1524 Spie

429 1542 513 1585 (op.
534 1540 600 1575 cit.
618 1549 659 1583 p.
677 1539 746 1583 49)
769 1539 969 1574 s'avance
993 1542 1107 1583 trop,
1125 1539 1148 1574 a
1169 1548 1271 1573 mon
1297 1539 1402 1579 aviS‚
1420 1547 1471 1572 en
1497 1537 1642 1572 disant
1665 1537 1766 1583 qu’a
1790 1538 1989 1584 l’epoque
2007 1538 2062 1575 de

427 1602 469 1637 la
491 1598 758 1635 consolation
775 1598 800 1634 a
822 1598 981 1642 Helvie,
1002 1598 1196 1643 Seneque
1219 1608 1270 1633 ne
1296 1597 1477 1632 blamait
1498 1604 1575 1641 pas
1594 1606 1746 1632 encore
1761 1604 1828 1632 ces
1845 1598 2059 1634 cruautes.

430 1660 495 1695 En
518 1659 681 1702 realite‚
702 1658 731 1693 il
753 1666 796 1693 se
819 1660 1023 1694 contente
1044 1658 1097 1693 ici
1119 1658 1171 1692 de
1193 1658 1298 1692 faire
1320 1657 1503 1691 allusion
1526 1657 1549 1691 a
1571 1665 1655 1691 une
1676 1657 1888 1692 habitude
1909 1657 2063 1702 repan-

429 1719 525 1761 due,
547 1726 646 1754 sans
667 1718 758 1753 rien
779 1718 950 1762 ajouter
976 1718 1027 1752 de
1054 1717 1163 1761 plus.
1188 1716 1355 1761 (Comp.
1383 1725 1462 1760 par
1486 1726 1550 1750 ex.
1579 1717 1639 1751 De
1670 1716 1819 1762 Tranq.
1848 1716 1930 1752 An.
1958 1716 2016 1752 IV
2037 1717 2062 1753 3

428 1781 471 1814 et
497 1779 557 1814 De
580 1778 704 1814 Clem.
732 1778 750 1813 I
771 1777 838 1821 26,
860 1778 899 1820 2,
922 1777 1047 1812 ecrits
1067 1779 1166 1811 tous
1189 1776 1304 1810 deux
1324 1776 1348 1810 a
1369 1784 1452 1820 peu
1473 1775 1568 1819 pres
1591 1775 1615 1810 a
1635 1775 1678 1810 la
1698 1776 1838 1810 meme
1859 1775 2062 1821 epoque.)

429 1838 490 1873 La
511 1837 722 1874 naturelle
744 1837 933 1872 douceur
955 1837 1006 1871 de
1028 1847 1075 1872 ce
1096 1835 1317 1870 moraliste
1338 1835 1373 1870 si
1395 1835 1574 1870 humain
1597 1844 1622 1869 a
1643 1835 1702 1870 du
1725 1835 1777 1870 de
1797 1837 1899 1870 tout
1918 1837 2062 1880 temps

428 1899 517 1933 etre
538 1898 701 1942 peinee‚
722 1899 822 1932 tout
844 1906 897 1931 au
919 1897 1057 1931 moins
1080 1895 1286 1940 choquee,
1309 1903 1387 1939 par
1407 1895 1466 1929 les
1489 1894 1686 1929 combats
1709 1894 1761 1929 de
1783 1894 2061 1939 gladiateurs.

429 1958 495 1993 On
519 1957 604 1992 sait
627 1957 733 2002 qu'il
757 1957 858 1992 s'est
884 1956 1001 1991 eleve
1025 1958 1173 1991 contre
1198 1962 1264 1990 ces
1291 1954 1538 1999 sanglantes
1563 1953 1931 1998 representations
1957 1963 2062 1990 avec

428 2018 653 2062 beaucoup
675 2016 770 2061 plus
794 2016 845 2051 de
868 2016 1048 2061 vigueur
1070 2025 1152 2060 que
1173 2017 1274 2050 tout
1297 2016 1420 2049 autre
1444 2014 1608 2048 ancien.
1633 2012 1801 2058 (comp.
1825 2013 1884 2048 les
1907 2013 2060 2049 Lem-es

425 2077 650 2122 indiquees
677 2076 772 2121 plus
801 2076 909 2111 haut
938 2078 979 2110 et
1009 2075 1092 2110 Cic.
1131 2075 1250 2109 Tusc.
1285 2074 1326 2108 II
1356 2074 1421 2116 17,
1451 2074 1498 2108 41
1527 2084 1536 2115 ;
1569 2073 1636 2108 Ad
1667 2073 1787 2108 Fam.
1817 2072 1904 2108 VII
1933 2073 1970 2116 1,
1999 2072 2058 2116 3;

428 2137 562 2179 Pline‚
595 2136 676 2181 Ep.
706 2136 768 2171 VI
796 2135 848 2171 34
873 2146 882 2178 ;
913 2135 1069 2179 Pane'q.
1102 2133 1342 2177 XXXIII).
1375 2153 1430 2157 —
1489 2133 1757 2176 Occupamus
1788 2142 1796 2166 :
1827 2143 1843 2165 «
1864 2139 1972 2167 nous
2001 2142 2062 2168 es-

425 2205 579 2241 sayons
605 2196 658 2230 de
685 2195 884 2230 distraire
908 2207 935 2237 »,
964 2198 1174 2229 auocatur
1202 2204 1209 2228 :
1241 2202 1332 2227 «on
1360 2201 1501 2237 essaye
1534 2191 1769 2236 d'eloigner
1792 2202 1806 2225 »
1829 2202 1839 2235 ;
1873 2191 1913 2226 16
1948 2191 2060 2236 pres.

427 2258 469 2291 et
497 2255 699 2300 l’imparf.
731 2255 783 2289 de
810 2254 929 2289 l'ind.
959 2255 1133 2288 servent
1161 2254 1348 2287 souvent
1377 2252 1401 2286 a
1428 2260 1631 2296 marquer
1657 2260 1717 2285 un
1745 2251 1865 2295 essort
1893 2259 1948 2285 ou
1975 2259 2061 2286 une

426 2315 635 2357 mandanae,
658 2314 710 2349 cf.
735 2314 817 2350 Cic.
845 2315 906 2349 De
931 2313 1013 2358 Oss.
1041 2313 1107 2347 ΙΙΙ
1131 2312 1195 2355 13,
1219 2312 1270 2347 55
1293 2322 1301 2346 :
1325 2323 1339 2345 <⁴
1363 2312 1552 2346 Domum
1576 2310 1708 2345 uendo
1731 2321 1746 2343 »
1768 2320 1776 2345 z
1800 2320 1815 2343 «
1835 2309 1877 2354 je
1897 2309 2060 2345 cherche

426 2377 451 2409 d
475 2374 636 2409 vendre
660 2383 732 2408 ma
755 2374 954 2408 maison»
977 2372 1144 2416 3Cesar,
1169 2372 1229 2407 De
1257 2371 1306 2406 B.
1340 2371 1384 2406 G.
1411 2371 1497 2405 VII
1523 2369 1589 2412 47,
1614 2370 1639 2405 2
1664 2380 1671 2404 :
1700 2381 1714 2402 «
1737 2369 1938 2404 Milites...
1964 2369 2059 2404 reti-

424 2434 680 2469 nebantur»:
706 2443 790 2468 «on
813 2432 1017 2468 cherchait
1039 2432 1064 2467 a
1086 2431 1246 2467 retenir
1272 2431 1331 2466 les
1357 2430 1521 2465 soldats
1546 2441 1572 2464 ».
1603 2429 1635 2464 Il
1666 2438 1717 2464 en
1745 2430 1811 2464 est
1838 2428 1891 2464 de
1919 2429 2059 2464 meme

425 2503 477 2528 en
499 2501 608 2538 grec,
627 2493 679 2528 cf.
699 2493 959 2537 Xenophon,
985 2491 1141 2537 Cyl-op.
1161 2491 1198 2525 V
1220 2490 1258 2533 5,
1279 2490 1332 2525 22
1350 2500 1357 2524 :
1393 2501 1408 2523 «
1426 2491 1552 2525 Ἐλθὼν
1575 2491 1633 2524 οἶνυ
1665 2494 1751 2524 ε’πει
1767 2493 1839 2524 θον
1863 2490 1980 2530 αὐτοὺς
2001 2487 2060 2533 (je

425 2552 633 2588 cherchal's
651 2553 675 2587 ὲ
691 2553 750 2587 les
768 2550 1020 2596 persuader)
1036 2556 1088 2586 καῖ
1105 2555 1161 2592 οὓς
1174 2556 1299 2590 ἔπεισα,
1311 2553 1445 2591 τούτους
1457 2555 1543 2593 ἔχων
1557 2552 1772 2594 ἐπορευόμην.
1795 2560 1809 2580 »
1826 2567 1880 2571 ——
1926 2547 2035 2582 Nota
2049 2557 2058 2582 Σ

425 2612 478 2647 cf.
504 2612 586 2647 XV
607 2612 646 2655 2,
681 2614 723 2647 et
762 2611 906 2656 Oedip.
937 2611 1116 2646 820-821
1144 2621 1151 2645 2
1185 2622 1199 2643 «
1223 2610 1358 2653 Saepe
1378 2610 1465 2644 iam
1495 2608 1638 2652 spatio
1678 2604 2058 2651 obrutamsLeuis

425 2672 641 2707 exoletam
672 2671 925 2706 memoriam
954 2672 1132 2705 reuocat
1161 2671 1271 2704 nota.
1297 2680 1312 2702 »

512 2731 549 2766 2.
581 2751 637 2755 --
694 2731 890 2766 Melius..
931 2729 1102 2764 uincere
1141 2738 1272 2775 quam
1310 2728 1457 2763 fallere
1498 2737 1505 2762 :
1547 2726 1600 2761 cf.
1646 2726 1704 2761 IV
1744 2726 1781 2760 1.
1814 2745 1869 2749 —
1928 2724 2009 2768 Qui
2049 2734 2058 2759 :

424 2791 638 2835 l’adsectus
681 2799 732 2825 en
776 2789 990 2834 question.
1022 2809 1077 2812 -—
1136 2787 1494 2832 occupationibus
1539 2797 1546 2821 :
1593 2797 1607 2819 «
1630 2785 1907 2821 distractions
1931 2795 1960 2828 ι),
2003 2783 2057 2819 cf.

423 2860 675 2894 occupamus
699 2849 745 2894 (ξ
771 2849 825 2894 1).
858 2869 913 2873 --
975 2848 1173 2893 Β65ιπ9ἰῐ
1198 2858 1206 2882 :
1245 2847 1298 2882 cf.
1326 2847 1440 2882 Plut.
1477 2846 1545 2881 Ad
1580 2845 1699 2881 onr.
1725 2844 1806 2880 609
1828 2842 1862 2879 F
1885 2854 1894 2878 ε
1929 2846 2059 2878 «Ὅταν

422 2912 449 2945 δ’
463 2912 576 2955 ἱδρυθῇ
595 2914 646 2954 (τὸ
665 2913 800 2952 πένθος)
817 2913 927 2954 χρόνῳ
950 2913 1003 2943 καὶ
1022 2912 1154 2953 γένηται
1176 2910 1358 2952 σὺυτροφον
1377 2911 1431 2941 καῖ
1452 2910 1619 2950 σὺνοικον,
1642 2907 1718 2940 οὐδὲ
1735 2907 1825 2939 πάνυ
1844 2906 2057 2948 βουλομένω

423 2975 489 3014 (=
518 2970 656 3004 mfeme
679 2968 828 3014 quand
850 2977 906 3003 on
928 2968 965 3002 le
988 2967 1211 3011 voudrait)
1240 2970 1490 3002 ἀπαλλάττεται.
1515 2967 1578 3000 Διὸ
1597 2970 1647 3000 δεῖ
1669 2967 1835 3008 μάχεσθαι
1861 2967 1936 3008 περὶ
1955 2965 2056 3007 θὺρας
