2195 3345
395 219 456 266 22
696 233 742 266 L.
771 233 936 265 ANNAEI
964 231 1160 264 SENECAE
1190 231 1513 264 DIALOGORUM
1539 232 1634 264 LIB.
1664 233 1735 265 XII

392 351 583 395 caelesti
619 352 789 409 spiritu
825 351 1106 401 descendit;
1142 350 1414 394 caelestium
1450 354 1613 394 autem
1648 354 1821 395 natura
1856 365 2043 410 semper

392 423 441 465 in
471 426 606 466 motu
636 427 724 473 est,
756 422 881 479 fugit
908 425 959 465 et
987 421 1280 465 uelocissimo
1313 434 1450 465 cursu
1480 421 1653 478 agitur.
1683 423 1853 479 Aspice
1884 424 2036 467 sidera

391 494 625 537 mundum
658 493 963 537 inlustrantia
1000 507 1011 536 t
1045 492 1226 535 nullum
1259 505 1422 536 eorum
1455 496 1654 550 perstat.
1695 493 1823 550 (Sol)
1860 494 2038 538 labitur

393 564 590 608 adsidue
625 569 675 608 et
708 565 863 608 locum
897 577 959 607 ex
991 564 1092 607 loco
1127 567 1288 607 mutat
1320 567 1384 614 et,
1421 564 1639 621 quamuis
1674 577 1781 608 cum
1815 565 2034 609 uniuerso

391 639 625 686 uertatur,
667 636 716 678 in
758 635 1047 679 contrarium
1089 635 1233 678 nihilo
1275 635 1432 678 minus
1472 635 1560 692 ipsi
1601 636 1779 679 mundo
1820 636 2036 687 refertur,

393 720 476 763 per
527 707 681 749 omnis
731 707 971 762 signorum
1023 709 1184 763 partes
1228 705 1464 756 discurrit,
1512 718 1774 763 numquam
1820 707 2041 751 resistit:

393 781 625 835 perpetua
668 777 768 820 eius
818 777 1018 833 agitatio
1072 781 1122 821 et
1178 777 1368 820 aliunde
1421 777 1512 820 alio
1570 778 1894 835 commigratio
1949 781 2039 821 est.

477 907 519 940 N.
541 907 577 939 C.
602 925 637 930 —
660 907 713 939 VI
731 908 763 939 7.
792 907 855 940 Sol
872 907 958 940 add.
977 907 1177 940 Michaelis.

395 1021 451 1057 sil
475 1020 661 1063 animus,
685 1020 761 1056 ubi
785 1020 856 1063 sit,
882 1021 1020 1066 qualis
1044 1020 1099 1056 sit
1124 1022 1196 1056 aut
1221 1020 1342 1063 unde,
1368 1019 1591 1056 nescimus.
1617 1031 1631 1054 »
1655 1020 1765 1066 Voy.
1793 1020 1908 1056 aussi
1934 1021 2034 1058 Nat.

398 1081 562 1125 Quaest.
586 1080 673 1116 VII
694 1080 747 1115 25
770 1080 822 1123 ‚2.
849 1080 915 1117 On
937 1079 1036 1122 sait‚
1059 1089 1111 1115 en
1134 1079 1254 1122 esset,
1278 1089 1375 1125 que,
1399 1078 1589 1125 quoique
1611 1079 1790 1115 attache
1811 1089 1899 1115 aux
1919 1079 2039 1125 prin-

396 1139 511 1184 cipes
541 1139 600 1174 du
630 1139 851 1184 Portique‚
881 1141 1006 1175 notre
1034 1138 1291 1184 philosophe
1320 1149 1372 1174 ne
1400 1139 1592 1183 professe
1621 1147 1699 1183 pas
1728 1149 1788 1174 un
1816 1139 2036 1176 stoicisme

395 1198 628 1244 rigoureux
654 1201 697 1234 et
722 1198 1055 1244 intransigeant,
1083 1200 1126 1234 et
1153 1197 1259 1243 qu'il
1283 1197 1515 1234 s'attribue
1540 1197 1579 1234 le
1607 1198 1721 1234 droit
1749 1198 1802 1233 de
1827 1197 1934 1234 faire
1960 1199 2035 1234 des

396 1257 774 1293 reconnaissances
802 1268 874 1293 sur
900 1260 1014 1294 terre
1042 1257 1266 1302 etrange’re
1293 1260 1336 1293 et
1364 1267 1548 1303 presque
1576 1257 1785 1301 ennemie,
1814 1257 1852 1293 le
1881 1258 2038 1304 dogme

397 1316 579 1353 stoicien
597 1327 650 1353 ne
666 1316 705 1352 16
722 1316 994 1353 satisfaisant
1012 1326 1088 1361 pas
1106 1317 1306 1362 toujours
1326 1327 1333 1351 :
1354 1327 1369 1350 «
1392 1318 1488 1353 Hoc
1505 1319 1584 1360 est,
1604 1317 1721 1363 quod
1740 1317 1858 1362 apud
1879 1317 2042 1363 Epicu·

397 1386 491 1412 rum
518 1379 704 1412 nanctus
731 1386 842 1419 sum,
869 1377 976 1412 soleo
1003 1376 1115 1412 enim
1141 1377 1177 1411 et
1203 1376 1248 1411 in
1275 1376 1416 1412 aliena
1441 1378 1577 1412 castra
1604 1376 1796 1419 transire,
1823 1386 1909 1412 non
1935 1378 2038 1412 lam-

397 1446 523 1482 quam
555 1435 790 1481 transmari,
823 1436 894 1471 sed
925 1437 1136 1481 tamquam
1168 1435 1436 1481 explorator»
1468 1435 1571 1481 (Ep.
1610 1435 1653 1470 II
1687 1436 1763 1481 5);
1797 1435 1850 1471 cf.
1885 1445 2040 1472 encore

406 1496 467 1531 De
507 1495 587 1531 Vit.
624 1495 674 1530 B.
712 1495 779 1530 III
810 1495 835 1530 2
868 1505 876 1530 ς
909 1495 1045 1530 «Non
1077 1494 1204 1540 alligo
1234 1505 1303 1530 me
1334 1496 1389 1530 ad
1419 1504 1556 1530 unum
1587 1495 1778 1540 aliquem
1808 1504 1862 1530 ex
1891 1494 2039 1530 stoicis

398 1554 648 1599 proceribus
675 1564 683 1589 :
709 1556 766 1590 est
789 1556 825 1590 et
847 1554 954 1590 mihi
975 1554 1170 1590 censendi
1195 1554 1274 1590 ias.
1301 1565 1315 1588 »
1338 1555 1447 1599 Voy.
1472 1553 1515 1589 la
1538 1557 1641 1590 note
1664 1563 1737 1589 sur
1762 1553 2043 1599 incorporalis

398 1614 506 1650 ratio
533 1614 664 1658 (VIII
693 1613 750 1659 3).
782 1635 838 1639 —
899 1613 1155 1650 caelestium
1185 1624 1193 1648 :
1223 1613 1279 1658 pl.
1310 1615 1476 1649 neutre.
1509 1613 1706 1658 Quoique
1733 1623 1788 1648 ne
1815 1622 1859 1648 se
1887 1611 2040 1649 distin—

400 1675 537 1718 guant
565 1683 658 1718 pas,
689 1673 714 1709 a
743 1683 790 1709 ce
819 1682 905 1715 cas,
936 1673 994 1708 du
1023 1683 1155 1709 masc.
1187 1683 1241 1708 ou
1273 1673 1330 1707 du
1359 1672 1478 1716 fem„
1510 1683 1556 1708 ce
1585 1672 1642 1717 pl.
1675 1674 1829 1708 neutre
1857 1673 1923 1708 est
1949 1672 2041 1708 tres

400 1735 579 1776 correct,
600 1732 764 1778 malgre
782 1732 993 1778 l'opinion
1014 1733 1066 1768 de
1088 1733 1143 1769 M.
1167 1733 1212 1768 P.
1236 1733 1424 1767 Thomas
1445 1732 1600 1776 (More.
1623 1731 1683 1767 ch.
1706 1732 1753 1767 de
1777 1732 1872 1768 δέη.
1901 1740 1943 1776 p.
1970 1731 2039 1775 25,

398 1801 441 1827 n.
461 1791 547 1836 65),
568 1792 641 1837 qui
670 1791 833 1827 semble
862 1802 891 1838 y
920 1792 1014 1828 voir
1031 1801 1116 1827 une
1132 1790 1416 1836 irregularite,
1436 1791 1489 1826 cf.
1511 1790 1594 1827 Cic.
1620 1793 1682 1827 De
1704 1791 1786 1828 Sen
1806 1791 1936 1827 ,XXI
1955 1790 2006 1827 78
2029 1800 2040 1826 z

400 1862 416 1886 (ι
438 1851 581 1887 Tanta
601 1850 810 1886 memoria
829 1851 1144 1897 praeteritorum
1164 1851 1480 1897 futurorumque
1501 1849 1735 1895 prudentia
1758 1861 1787 1894 »,
1810 1852 1854 1886 et
1880 1851 1942 1886 De
1967 1850 2038 1886 Or.

404 1911 448 1946 II
473 1910 541 1954 26,
569 1911 644 1946 111
676 1921 684 1945 :
713 1921 728 1944 «
754 1911 1107 1955 Ambiquorum...
1135 1910 1261 1954 plura
1287 1918 1442 1955 genera
1468 1912 1583 1946 sunt.
1610 1920 1624 1943 »
1682 1931 1737 1935 ——
1797 1910 1970 1954 Semper
1995 1908 2040 1945 ln

401 1973 524 2005 motu
538 1974 601 2005 est
618 1980 625 2004 :
643 1969 696 2005 cf.
718 1970 798 2015 Ep.
818 1970 968 2005 LXXI
986 1970 1036 2005 12
1054 1980 1062 2005 :
1080 1980 1095 2002 «
1119 1969 1276 2014 Quid...
1295 1968 1552 2005 mutationis
1569 1968 1759 2014 periculo
1776 1968 2042 2013 exceptum?

403 2030 501 2065 Non
525 2032 657 2072 terra,
683 2039 770 2064 non
797 2029 979 2072 caelum,
1006 2039 1093 2064 non
1118 2031 1240 2065 totus
1267 2029 1336 2064 hic
1360 2039 1504 2064 rerum
1531 2028 1727 2064 omnium
1753 2030 2001 2064 contextus.
2025 2038 2044 2062 »

404 2089 456 2125 Se
474 2088 673 2133 rappeler
693 2098 789 2134 que,
811 2098 920 2133 pour
939 2088 997 2124 les
1019 2089 1237 2131 stoiciens,
1257 2088 1317 2124 les
1338 2097 1461 2133 corps
1482 2088 1658 2124 celestes
1681 2089 1781 2123 sont
1802 2088 1874 2123 des
1896 2085 2039 2122 dieux.

402 2149 513 2194 Voy.
544 2148 581 2183 le
611 2149 883 2193 paragraphe
912 2148 1103 2184 suivant.
1136 2168 1191 2173 —-
1249 2147 1458 2192 Quamuis
1489 2158 1497 2182 τ
1528 2157 1628 2193 voy.
1659 2147 1701 2182 la
1731 2149 1833 2183 note
1865 2147 1907 2183 X
1936 2147 1973 2182 1.
2005 2147 2045 2182 A

403 2207 600 2253 quamuis
628 2207 827 2252 s'oppose
857 2207 1178 2252 generalement
1207 2209 1343 2242 tamen
1373 2207 1463 2251 (Ad
1493 2207 1637 2252 Polyb.
1663 2206 1729 2242 XI
1759 2206 1810 2250 53
1844 2207 1906 2242 De
1937 2205 2041 2241 Ben.

408 2267 451 2302 II
471 2267 538 2310 35,
562 2267 581 2302 1
602 2278 611 2310 3
637 2267 716 2312 Ep.
743 2267 897 2303 XXIV
920 2267 988 2311 12)
1006 2277 1015 2309 ;
1036 2266 1090 2302 ici
1111 2268 1247 2302 tamen
1269 2269 1334 2302 est
1354 2265 1569 2311 remplace
1601 2275 1680 2310 par
1713 2265 1848 2301 nihilo
1881 2265 2039 2300 minus.

402 2347 458 2351 —
484 2326 693 2361 Vniuerso
722 2336 730 2361 ε
760 2338 774 2359 <‹
795 2326 1000 2362 l'univers
1025 2338 1053 2369 »‚
1083 2326 1136 2362 cf.
1168 2325 1251 2362 Cic.
1285 2328 1346 2362 De
1375 2327 1472 2362 Nat.
1507 2327 1626 2362 Deor.
1661 2325 1678 2360 I
1706 2325 1773 2368 43,
1803 2325 1883 2361 120
1911 2334 1920 2360 :
1950 2334 1965 2358 «
1991 2324 2041 2359 In

405 2385 556 2421 eodem
586 2386 782 2421 uniuerso
800 2397 813 2419 »
829 2397 839 2430 ;
870 2385 1045 2422 Ciceron
1073 2385 1271 2430 emploie‚
1296 2385 1673 2421 immediatement
1701 2386 1853 2427 avant,
1880 2383 1919 2419 le
1947 2385 2043 2419 mot

406 2445 663 2480 uniuersitas
688 2445 873 2489 (rerum).
901 2445 980 2480 Les
1004 2444 1206 2481 stoiciens
1231 2444 1479 2480 estimaient
1504 2454 1586 2490 que
1609 2444 1647 2479 le
1671 2444 1844 2487 monde,
1869 2442 2042 2479 c'est-a-

406 2504 496 2540 dire
517 2504 768 2539 l'ensemble
792 2505 863 2540 des
889 2514 1011 2549 corps
1036 2502 1228 2548 celestes,
1251 2503 1428 2540 formait
1451 2514 1509 2539 un
1532 2506 1632 2539 tout
1654 2502 1793 2539 limite
1816 2512 1871 2538 au
1895 2504 2044 2538 centre

406 2564 464 2599 du
491 2564 591 2599 vide
618 2564 670 2599 de
695 2563 865 2606 l’infinL
894 2563 946 2599 cf.
977 2563 1217 2607 Cleomede,
1247 2563 1400 2599 Circul.
1434 2565 1569 2600 Doclr.
1604 2563 1620 2598 I
1649 2572 1714 2607 cp.
1745 2563 1840 2607 1‚p.
1871 2563 1891 2597 1
1919 2562 2042 2597 Bake

407 2620 577 2665 (Arnim
606 2620 663 2663 II,
693 2621 825 2665 §534‚
846 2630 885 2664 p.
909 2621 1006 2665 170)
1028 2631 1035 2654 t
1068 2631 1082 2653 <‹
1106 2624 1154 2656 Οὑ
1180 2625 1246 2664 μὴν
1273 2625 1408 2667 ἄπειρός
1431 2636 1478 2667 γε,
1507 2623 1593 2656 ἀλλὰ
1619 2624 1866 2665 πεπερασμένος
1897 2622 1985 2655 ἐστίν
2014 2622 2046 2663 (ὁ

405 2685 539 2726 κόσμος)
559 2691 586 2721 »‚
622 2682 665 2715 et
700 2678 890 2724 Diogene
925 2680 1082 2716 Laerce
1122 2680 1209 2715 VII
1253 2680 1332 2714 140
1364 2678 1534 2724 (Arnim
1568 2678 1624 2721 II,
1667 2680 1686 2723 ξ
1715 2678 1810 2721 543,
1841 2687 1882 2722 p.
1915 2677 2043 2721 172):

403 2739 545 2779 Ἑξωθεν
581 2741 618 2772 δὲ
646 2739 746 2772 αὑτοῦ
767 2735 940 2779 (sest-roi>
957 2741 1091 2782 κόσμου)
1110 2741 1368 2783 περικεχυμένον
1388 2740 1473 2771 εἶναι
1488 2741 1524 2771 τὸ
1545 2740 1641 2771 κενὸν
1658 2741 1810 2781 ἄπειρον.
1836 2745 1850 2767 ))
1881 2754 1936 2758 —
1994 2733 2043 2768 In

409 2794 694 2831 contrarium:
720 2795 864 2830 «dans
884 2805 943 2829 un
973 2805 1068 2830 sens
1096 2795 1311 2830 contraire
1344 2804 1399 2830 au
1425 2796 1708 2830 mouvement
1741 2795 1955 2838 apparent
1991 2792 2048 2827 du

411 2854 489 2890 ciel
509 2854 683 2899 (mundo
720 2872 758 2884 =
787 2854 928 2899 caelo).
954 2865 967 2888 »
996 2854 1061 2898 (P.
1094 2854 1315 2899 Thomas).
1345 2875 1401 2879 —
1433 2854 1661 2899 Siqnorum
1691 2863 1699 2888 ε
1728 2852 1788 2888 les
1818 2851 1957 2897 signes
1991 2861 2048 2886 ou

412 2913 738 2950 constellations
761 2913 818 2948 du
841 2913 1074 2959 Zodiaque.
1106 2934 1161 2938 —-
1184 2913 1382 2949 Resistit:
1402 2924 1416 2947 «
1438 2912 1615 2948 s’arrete
1640 2923 1667 2947 ».
1684 2933 1739 2937 —
1759 2911 1943 2948 Aliunde
1963 2910 2051 2947 alio

413 2973 744 3019 commigratio:
776 2972 961 3009 certains
991 2973 1129 3009 subst.
1164 2973 1361 3009 verbaux
1390 2982 1434 3008 se
1463 2971 1755 3008 construisent
1787 2980 1955 3007 comme
1987 2969 2048 3005 les
