2195 3345
427 169 455 213 6
720 183 763 214 L.
800 182 964 214 ANNAEI
998 183 1193 215 SENECAE
1225 184 1547 217 DIALOGORUM
1581 186 1675 217 LIB.
1712 187 1782 218 XII

426 299 720 343 miseriarum
746 300 977 343 uictorem
1001 312 1138 357 aegre
1163 301 1281 344 ferre
1307 315 1454 345 unum
1481 303 1655 346 uulnus
1679 304 1728 346 in
1755 317 1945 362 corpore
1972 309 2072 350 tam

426 369 716 413 cicatricoso.
740 370 911 414 Fleant
929 371 1092 427 itaque
1114 371 1294 416 diutius
1313 376 1364 416 et
1382 377 1591 430 gemant,
1616 387 1816 431 quorum
1849 376 2078 422 delicatas

425 444 609 484 mentes
627 441 877 484 eneruauit
894 441 1032 497 longa
1051 442 1268 493 felicitas,
1287 448 1337 487 et
1354 445 1415 487 ad
1435 445 1779 489 leuissimarum
1797 447 2075 492 iniuriarum

425 515 587 555 motus
619 511 933 555 conlabantur
959 527 969 555 :
1002 515 1056 555 at
1088 525 1288 570 quorum
1321 528 1484 558 omnes
1516 516 1626 558 anni
1662 530 1744 573 per
1777 518 2076 563 calamitates

425 583 732 633 transierunt,
770 583 1050 639 grauissima
1089 597 1276 642 quoque
1315 586 1427 629 forti
1465 591 1516 630 et
1552 588 1766 630 inmobili
1804 590 2075 634 constantia

425 654 682 710 perferant.
707 654 863 697 Vnum
893 654 1040 698 habet
1066 656 1266 700 adsidua
1296 657 1547 701 infelicitas
1574 659 1770 710 bonum,
1801 661 1927 717 quod
1958 673 2077 718 quos

425 738 609 781 semper
632 729 782 768 uexat
804 726 1058 770 nouissime
1082 728 1291 771 indurat.
1319 729 1509 772 Nullam
1535 730 1623 772 tibi
1647 732 1840 774 fortuna
1864 732 2079 776 uacatio-

426 808 534 838 nem
564 796 699 839 dedit
726 809 754 839 a
783 798 1073 853 grauissimis
1103 799 1310 843 luctibus
1336 815 1346 850 ;
1377 813 1433 843 116
1466 802 1673 844 natalem
1705 803 1897 859 quidem
1936 807 2075 847 tuum

424 867 628 923 excepit.
665 867 878 912 Amisisti
913 873 1117 914 matrem
1153 872 1318 914 statim
1355 876 1486 922 nata,
1522 873 1666 915 immo
1703 875 1818 916 dum
1853 875 2074 925 nasceris,

424 941 475 980 et
500 939 560 981 ad
588 938 742 982 uitam
770 941 1122 996 quodammodo
1150 943 1367 999 exposita
1394 956 1458 985 es.
1488 944 1688 986 Creuisti
1715 945 1802 988 sub
1829 958 2034 989 nouerca
2062 959 2074 988 :

425 1022 570 1065 quam
597 1013 652 1053 tu
681 1011 872 1067 quidem
899 1013 1027 1055 omni
1054 1013 1281 1070 obsequio
1308 1018 1359 1057 et
1384 1015 1579 1071 pietate,
1599 1019 1781 1072 quanta
1807 1017 1885 1059 uel
1909 1017 1959 1059 in
1976 1017 2073 1061 filia

424 1080 631 1136 conspici
653 1085 828 1138 potest,
855 1087 1057 1127 matrem
1088 1085 1187 1128 fieri
1215 1085 1424 1141 coegisti3
1450 1086 1566 1129 nulli
1592 1090 1754 1130 tamen
1780 1100 1876 1130 non
1901 1099 2073 1145 magno

424 1152 644 1195 constitit
672 1153 819 1197 etiam
852 1155 976 1198 bona
1009 1168 1229 1199 nouerca.
1263 1157 1561 1200 Auonculum
1595 1159 2074 1215 indulgentissimum,

505 1283 546 1314 N.
568 1283 604 1314 C.
635 1301 669 1306 —
707 1284 743 1316 II
769 1285 802 1315 4.
829 1285 932 1316 dedit.
967 1285 1001 1317 ὧ
1038 1286 1266 1324 qrczuissimis
1299 1287 1436 1325 Iuctib;
1470 1297 1514 1318 nc
1551 1289 1611 1326 A;
1648 1289 1743 1320 (ledit
1780 1299 1802 1320 α
1841 1291 2072 1329 grauissimis

427 1337 582 1369 luctibus
596 1346 611 1375 ;
632 1346 677 1369 ne
695 1344 755 1377 ug.
781 1356 816 1360 —
843 1339 1027 1370 inmodum
1047 1339 1093 1370 Αι
1113 1349 1122 1377 ;
1144 1340 1252 1371 immo
1271 1342 1355 1372 dum
1375 1348 1435 1380 ug.
1463 1359 1496 1363 ——
1522 1343 1684 1382 conspici
1703 1343 1747 1380 A,
1780 1343 1881 1383 quod
1901 1343 2067 1377 defendit

429 1390 540 1422 Gertz
566 1390 683 1430 (Slud.
710 1391 786 1423 crit.
813 1401 849 1431 p.
878 1392 946 1423 158
971 1392 1009 1423 in
1035 1393 1170 1432 nota);
1197 1395 1338 1433 concipi
1363 1394 1520 1434 Bentley
1546 1398 1583 1426 ct
1610 1395 1763 1435 Haupt.‹

429 1516 445 1538 α
467 1504 607 1541 Ceteri
622 1504 841 1549 sapientes
859 1505 1047 1542 molliter
1063 1509 1106 1542 et
1124 1506 1326 1542 blande...
1353 1518 1362 1549 ;
1380 1508 1499 1542 stoici
1517 1508 1684 1544 uirilem
1703 1509 1882 1554 inpressi
1899 1511 2017 1546 uiam
2039 1523 2069 1554 »,

429 1566 510 1600 etc.
536 1564 621 1609 (De
646 1564 785 1600 Const.
814 1565 832 1599 I
857 1565 912 1610 1).
937 1586 992 1590 —
1016 1566 1163 1610 Quant
1186 1566 1211 1601 a
1233 1566 1275 1601 la
1298 1567 1553 1611 metaphore
1577 1577 1692 1602 urere
1715 1578 1762 1601 ac
1783 1579 1934 1610 secare,
1963 1579 2067 1613 voy.

427 1623 470 1659 la
485 1626 589 1659 note
603 1632 676 1659 sur
691 1625 996 1660 monstraturus
1012 1625 1163 1670 (XVII
1179 1626 1235 1670 2).
1253 1647 1308 1650 ψ
1369 1626 1550 1670 Corpore
1565 1624 1816 1661 cicatricoso
1833 1635 1842 1661 ε
1859 1625 1913 1662 cf.
1931 1625 2016 1662 XV
2030 1627 2069 1662 4.

516 1683 555 1718 3.
587 1704 643 1708 ——-
671 1683 823 1729 ltaque
843 1693 852 1718 t
872 1693 973 1730 voy.
993 1683 1036 1719 13
1053 1687 1157 1720 note
1176 1684 1383 1720 ci-dessus
1403 1685 1450 1729 (§
1469 1684 1528 1730 2).
1568 1705 1623 1708 —
1680 1684 1828 1731 Longa
1857 1684 2040 1722 felicitas
2060 1696 2070 1721 ε

428 1742 635 1779 l'austere
658 1742 892 1787 stoicisme,
917 1743 991 1789 qui
1014 1752 1059 1779 se
1082 1743 1192 1788 plait
1216 1744 1241 1779 3
1263 1744 1533 1788 representer
1556 1744 1599 1778 13
1621 1743 1690 1779 vie
1715 1754 1884 1780 comme
1905 1754 1966 1780 un
1989 1745 2073 1781 dur

429 1802 593 1838 service
619 1801 823 1838 militaire
851 1801 923 1847 (cf.
953 1802 1049 1847 plus
1078 1804 1154 1838 bas
1191 1805 1210 1847 ξ
1238 1803 1261 1838 5
1289 1805 1333 1838 et
1362 1804 1444 1839 XV
1472 1803 1532 1848 4),
1560 1802 1739 1839 mettait
1765 1813 1819 1839 en
1846 1804 1977 1849 garde
2003 1812 2070 1840 ses

431 1861 629 1906 disciples
662 1864 812 1897 contre
843 1861 902 1897 les
936 1862 1119 1907 dangers
1152 1872 1336 1898 moraux
1369 1863 1474 1898 d'un
1508 1863 1705 1898 bonheur
1736 1863 2070 1908 ininterrompu.

431 1923 490 1957 Le
515 1922 577 1957 De
600 1921 877 1957 Prouidentia
898 1921 1118 1965 proclame
1138 1921 1181 1957 13
1202 1921 1413 1958 necessite
1435 1923 1508 1958 des
1532 1923 1739 1967 epreuves
1763 1933 1773 1966 ;
1796 1923 1904 1959 c’est
1923 1922 1965 1959 la
1987 1933 2072 1969 que

430 1991 474 2016 se
488 1984 646 2017 trouve
661 1991 708 2016 ce
723 1983 816 2016 mot
831 1981 1041 2025 profond:
1060 1981 1305 2026 «Semper...
1323 1991 1414 2017 esse
1428 1981 1598 2017 felicem
1613 1985 1657 2018 et
1671 1981 1762 2017 sine
1776 1992 1923 2018 morsu
1939 1983 2073 2018 animi

430 2039 616 2076 transire
641 2039 782 2076 uitam
813 2040 1004 2084 iynorure
1031 2042 1089 2076 est
1116 2051 1255 2076 rerum
1282 2042 1458 2076 naturae
1484 2042 1656 2077 alteram
1680 2043 1882 2087 partem.»
1907 2042 1990 2087 (IV
2014 2043 2074 2088 1.)

433 2100 495 2135 Cf.
529 2109 681 2135 encore
717 2099 799 2145 Ep.
836 2099 931 2135 CIV
956 2100 1008 2134 34
1034 2110 1042 2134 ;
1070 2110 1086 2132 «
1109 2100 1331 2135 Eneruant
1371 2100 1661 2145 (uoluptates)
1694 2103 1737 2136 et
1774 2101 2072 2137 effeminant»

433 2162 476 2195 et
500 2159 581 2205 Ep.
604 2159 751 2194 LXVI
770 2159 822 2194 49
845 2168 854 2193 t
877 2169 892 2192 «
914 2159 1035 2194 Haec
1055 2167 1147 2204 ego,
1168 2169 1280 2205 quae
1299 2159 1446 2196 tristia
1470 2160 1691 2199 uidentur,
1712 2160 1908 2196 mollibus
1928 2161 2016 2196 illis
2037 2163 2073 2196 et

432 2218 621 2254 delicatis
647 2218 951 2264 praetulissem.
976 2230 991 2252 »
1011 2220 1121 2264 Voy.
1154 2218 1269 2254 aussi
1300 2220 1368 2255 Ad
1398 2219 1491 2255 Hel.
1518 2219 1586 2254 III
1613 2220 1651 2254 2.
1684 2240 1739 2243 -—
1792 2219 2034 2256 Nouissime
2061 2230 2071 2255 :

434 2290 448 2311 ε
471 2279 495 2314 a
514 2278 557 2313 la
576 2278 639 2313 fin
663 2289 690 2313 ».
716 2279 847 2314 Assez
867 2279 1072 2324 frequent
1091 2279 1193 2314 chez
1215 2278 1410 2324 Seneque
1431 2278 1515 2324 (De
1541 2279 1613 2314 Iro
1637 2279 1679 2314 II
1702 2279 1740 2319 5,
1759 2279 1846 2322 3-4,
1867 2279 1935 2315 III
1957 2280 1995 2323 1,
2011 2281 2069 2326 2).

517 2338 555 2373 4.
587 2358 643 2362 —
671 2339 738 2373 Ad
766 2338 947 2374 uitam...
978 2338 1170 2382 exposita
1197 2347 1242 2373 es
1272 2348 1280 2372 :
1311 2337 1494 2373 allusion
1523 2339 1547 2374 a
1575 2338 1616 2373 la
1645 2342 1849 2374 coutume
1876 2339 2072 2375 romaine

434 2397 662 2442 d'exposer
693 2397 753 2432 les
788 2398 961 2433 enfants
995 2397 1129 2442 qu’on
1162 2407 1216 2432 ne
1248 2397 1416 2433 voulait
1449 2407 1525 2442 pas
1560 2397 1714 2441 elever,
1749 2401 1954 2434 coutume
1987 2409 2073 2445 que

434 2457 730 2493 condamnent
754 2457 813 2492 les
839 2457 1117 2502 philosophes
1140 2457 1196 2504 ⁴de
1220 2457 1445 2502 l'Empire,
1470 2467 1549 2502 par
1574 2468 1638 2493 ex.
1680 2457 1902 2494 Musonius
1929 2458 2071 2494 Rufus

434 2516 506 2561 (cf.
538 2517 663 2561 chap.
695 2517 807 2552 XVu
836 2519 878 2553 et
909 2517 931 2551 b
961 2517 1014 2552 de
1042 2516 1140 2552 l'ed.
1172 2518 1350 2562 Hense).
1383 2517 1475 2553 Elle
1503 2520 1591 2552 sert
1620 2517 1736 2552 aussi
1764 2518 1817 2553 de
1843 2517 1992 2554 theme
2019 2518 2072 2554 de

435 2575 729 2612 declamation
759 2577 866 2611 dans
895 2576 954 2611 les
986 2576 1122 2611 ecoles
1153 2576 1205 2611 de
1233 2576 1498 2622 rhetorique,
1527 2586 1627 2622 voy.
1662 2577 1856 2622 Seneque
1884 2576 1923 2612 le
1952 2577 2072 2620 Pere,

437 2636 576 2671 Contr.
607 2636 650 2671 X
677 2635 714 2670 4.
747 2635 894 2680 Quant
911 2636 934 2671 a
951 2637 1004 2671 ud
1021 2635 1168 2678 uitam,
1185 2637 1240 2671 M.
1273 2636 1380 2671 Duff
1394 2635 1630 2681 l'explique
1648 2646 1656 2670 ;
1675 2648 1690 2669 «
1712 2646 1767 2671 on
1782 2637 1859 2672 the
1874 2636 2072 2672 occasion

436 2695 479 2730 of
506 2694 580 2731 life
603 2705 618 2729 »
647 2698 691 2731 et
718 2694 888 2730 traduit
919 2705 928 2730 z
960 2706 975 2729 «
997 2694 1194 2740 entering
1221 2694 1294 2730 life
1318 2707 1345 2730 ».
1375 2694 1664 2731 J'inclinerais
1694 2696 1719 2731 a
1748 2706 1777 2742 y
1804 2695 1899 2732 voir
1926 2695 2074 2740 plutot

435 2765 495 2789 un
512 2753 620 2790 trait
638 2754 729 2799 (sur
747 2764 794 2789 ce
811 2756 920 2797 mot,
937 2764 1039 2800 voy.
1062 2754 1218 2790 Introd.
1248 2756 1267 2799 ξ
1285 2754 1357 2800 31)
1377 2765 1385 2790 :
1407 2754 1562 2791 Helvie
1579 2755 1648 2790 fut
1667 2755 1851 2800 exposee
1869 2755 1923 2791 ad
1941 2755 2074 2791 uitam

436 2824 605 2849 comme
637 2813 829 2849 d’autres
861 2813 1036 2849 enfants
1067 2813 1264 2849 l’etaient
1297 2815 1350 2850 acl
1380 2816 1560 2850 mortem.
1593 2835 1648 2839 —
1702 2815 1897 2850 Nouerca
1929 2825 1938 2850 :
1970 2824 2071 2860 voy.

438 2874 596 2909 Introd.
640 2873 662 2919 §
698 2873 763 2908 14.
801 2894 856 2898 —
921 2873 1080 2918 Magno
1107 2883 1116 2907 :
1163 2873 1247 2908 abl.
1299 2874 1351 2909 de
1400 2873 1517 2918 prix,
1567 2873 1671 2918 (litt.
1702 2884 1710 2909 :
1763 2885 1780 2908 «
1800 2874 1912 2910 cher.
1937 2873 1971 2919 »)
2018 2893 2074 2898 —

439 2932 637 2969 Constitit
651 2932 723 2977 (de
738 2935 937 2968 constare
973 2950 1011 2963 Ξ
1043 2932 1268 2978 «cos1ter»):
1294 2933 1403 2978 parf.
1427 2933 1771 2977 correspondant·
1789 2933 1815 2969 a
1830 2933 1952 2969 l'aor.
1974 2941 2073 2979 grec
