2154 3377
435 196 497 227 Αυ
531 194 748 226 nmmum
784 194 987 226 MATREM
1026 194 1086 225 DE
1119 194 1496 236 consonmroxe,
1532 197 1558 226 x
1761 185 1819 229 55

181 315 294 372 quid
329 312 548 371 profundi
581 311 953 368 perscrutatione
981 311 1005 354 ‘2
1036 312 1210 368 passim
1243 312 1397 354 iacent
1427 312 1668 361 alimenta,
1703 327 1821 371 quac

182 398 336 430 rerum
373 387 543 427 natura
578 382 798 425 omnibus
834 382 946 425 locis
981 382 1228 438 disposuit,
1266 383 1346 425 sed
1385 383 1499 426 haec
1533 383 1665 426 uelut
1700 386 1822 428 caeci

183 459 434 500 transeunt
460 458 511 497 et
536 466 699 496 omnes
727 452 936 508 regiones
966 457 1299 509 peruagantur,
1330 453 1476 496 maria
1506 454 1731 497 traiciunt
1759 459 1823 504 et,

184 540 291 571 cum
309 527 482 569 famem
496 525 664 581 exiguo
678 524 862 580 possint
876 524 1053 574 sedare,
1067 536 1236 580 magno
1254 524 1470 567 inritant.
1488 524 1628 567 Libet
1642 525 1792 568 dicere
1815 541 1824 568 :

186 613 204 640 «ι
227 598 348 652 Quid
390 595 624 639 deducitis
665 606 809 637 naues
835 594 860 637 ‘?
900 595 1012 651 quid
1055 607 1223 638 manus
1262 598 1312 638 et
1350 595 1577 639 aduersus
1616 595 1739 638 feras
1777 601 1825 638 et

183 669 411 712 aduersus
443 666 653 709 homines
683 666 880 708 armatis
906 665 931 709 ‘?
961 666 1074 722 quid
1105 669 1242 709 tanto
1275 667 1486 709 tumultu
1517 666 1779 709 discurritis
1805 667 1828 709 ἶ)

186 739 298 797 quid
327 751 440 795 opes
466 737 637 794 opibus
663 737 887 793 adgeritis
913 736 938 779 ‘2
965 750 1058 779 non
1086 737 1229 780 uoltis
1257 737 1477 793 cogitare,
1508 750 1649 793 quam
1679 750 1825 794 parua

184 810 320 854 uobis
342 821 535 865 corpora
560 809 655 850 sint
682 808 706 850 ‘?
727 821 879 850 nonne
903 808 1031 851 furor
1052 811 1101 850 et
1122 808 1318 850 ultimus
1340 808 1571 851 mentium
1593 821 1719 852 error
1739 813 1826 857 est,

185 894 292 926 cum
338 884 438 923 tarn
483 880 707 935 exiguum
754 879 927 935 capias,
975 892 1142 936 cupere
1189 879 1392 922 multum
1421 878 1445 921 ‘2
1490 879 1623 922 Licet
1666 879 1827 936 itaque

185 952 400 1010 augeatis
426 963 605 999 census,
633 950 953 1007 promoueatis
978 950 1097 992 fines
1126 964 1135 992 :
1161 962 1423 1006 numquam
1448 954 1609 993 tamen
1635 963 1829 1007 corpora

185 1027 345 1066 uestra
370 1022 609 1065 laxabitis.
636 1021 752 1064 Cum
777 1021 894 1063 bene
919 1021 1111 1064 cesserit
1133 1021 1408 1077 negotiatio,
1433 1021 1637 1064 multum
1661 1021 1831 1064 militia

187 1093 439 1142 rettulerit,
472 1105 578 1136 cum
608 1092 821 1148 indagati
850 1092 1058 1148 undique
1090 1092 1181 1135 cibi
1212 1092 1423 1142 coierint,
1455 1105 1549 1134 non
1579 1092 1830 1143 habebitis,

187 1165 269 1208 ubi
317 1165 433 1207 istos
479 1166 738 1220 apparatus
786 1166 968 1206 uestros
1022 1163 1291 1206 conlocetis.
1362 1163 1484 1217 Quid
1531 1167 1632 1206 tarn
1679 1164 1831 1207 multa

189 1234 503 1292 conquiritis?
524 1233 710 1278 Scilicet
729 1234 928 1276 maiores
948 1235 1111 1284 nostri,
1134 1247 1334 1290 quorum
1361 1235 1514 1278 uirtus
1540 1235 1686 1278 etiam
1706 1248 1833 1278 nunc

186 1307 305 1350 uitia
329 1310 490 1349 nostra
516 1308 770 1354 sustentat,
796 1305 1003 1348 infelices
1026 1309 1177 1355 erant,
1205 1306 1284 1361 qui
1309 1305 1397 1348 sibi
1420 1318 1562 1349 manu
1589 1318 1673 1349 sua
1698 1319 1835 1362 para-

267 1421 308 1452 N.
331 1421 365 1452 C.
391 1438 425 1442 —
451 1420 486 1451 X
505 1421 536 1451 6.
566 1420 709 1460 yesserit
735 1420 794 1457 A;
821 1421 961 1452 cesserit
987 1427 1045 1460 ug.

200 1521 275 1556 auf
298 1521 510 1566 gelehrter
534 1520 793 1566 Anlehnung
817 1530 871 1555 an
896 1521 1012 1567 quin,
1038 1521 1158 1557 nicht
1183 1521 1257 1556 auf
1280 1521 1522 1566 spraehlich
1546 1521 1833 1566 berechtigter

195 1580 432 1625 Anfiigung
482 1579 557 1614 der
613 1580 996 1616 hervorhebenden
1049 1581 1239 1616 Partikel
1289 1591 1372 1616 -ne.
1402 1594 1416 1613 »
1466 1601 1520 1605 —
1583 1581 1788 1616 Profundi
1822 1591 1830 1616 ε

196 1640 249 1676 cf.
285 1641 305 1684 ξ
329 1639 367 1675 2.
399 1659 454 1663 ——
515 1639 723 1684 Exiquo...
749 1649 906 1686 magno
932 1650 939 1675 :
967 1640 1050 1676 abl.
1078 1640 1129 1676 de
1154 1640 1263 1685 prix.

280 1699 318 1735 6.
351 1719 406 1723 —
464 1699 681 1734 Deducitis
700 1709 708 1733 :
727 1699 920 1735 deducere
936 1709 1091 1735 nauem
1117 1716 1155 1729 =
1179 1711 1192 1733 «
1215 1702 1374 1735 mettre
1392 1709 1450 1734 un
1467 1700 1614 1734 navire
1633 1700 1656 1734 a
1674 1699 1785 1735 l'eau
1804 1712 1832 1743 »,

200 1759 238 1794 le
290 1758 505 1794 contraire
551 1761 615 1794 est
653 1768 661 1793 :
709 1758 934 1794 subducere
994 1769 1161 1794 nauem.
1227 1779 1282 1784 —-
1339 1759 1555 1794 Aduersus
1591 1759 1785 1794 homines
1824 1770 1831 1794 :

199 1817 396 1861 allusion,
422 1817 768 1862 probablement,
786 1827 872 1853 aux
898 1819 1125 1854 habitants
1153 1819 1204 1854 de
1241 1828 1348 1864 pays
1369 1827 1455 1854 non
1477 1828 1628 1854 encore
1654 1819 1832 1864 conquis

198 1886 277 1922 par
303 1877 363 1912 les
394 1876 601 1912 Romains
630 1879 673 1912 et
701 1878 775 1922 qui
803 1880 1016 1922 opposent
1045 1887 1130 1913 une
1158 1878 1394 1913 resistance
1414 1878 1555 1913 armee
1580 1877 1604 1913 a
1632 1887 1741 1913 ceux
1761 1878 1835 1923 qui

198 1936 406 1972 viennent
442 1936 543 1971 chez
579 1945 662 1971 eux
697 1937 898 1972 chercher
933 1937 985 1972 de
1022 1937 1125 1983 quoi
1159 1937 1374 1972 satisfaire
1408 1937 1467 1972 les
1504 1937 1725 1982 exigences
1761 1937 1834 1972 des

197 1996 371 2032 viveurs
401 1995 454 2030 de
483 1995 634 2031 Rome.
666 2016 720 2020 —
778 1996 917 2039 Quam
944 2006 1123 2042 parua...
1155 2006 1332 2041 corpora
1363 2007 1371 2031 :
1405 1996 1458 2031 ef.
1490 1996 1594 2032 Hor.
1629 1997 1715 2033 Sat.
1751 1997 1767 2032 I
1798 1998 1834 2039 1,

198 2054 324 2090 45-46
356 2065 364 2090 z
397 2066 412 2087 «
435 2054 553 2090 Milia
581 2054 790 2091 frumenti
822 2058 900 2091 tua
929 2056 1101 2092 triuerit
1133 2065 1233 2091 area
1263 2056 1475 2100 centum,l
1496 2055 1593 2091 Non
1621 2058 1724 2092 tuus
1755 2056 1836 2091 hoc

198 2114 341 2158 capiet
373 2116 526 2149 uenter
558 2114 653 2159 plus
675 2123 725 2149 ac
746 2124 879 2150 meus.
906 2127 920 2148 »
940 2135 995 2140 -
1030 2115 1195 2160 Capias,
1217 2125 1390 2160 cupere:
1412 2115 1484 2160 J‘eu
1508 2115 1560 2150 de
1581 2118 1694 2151 mots
1716 2116 1835 2161 (voy.

202 2173 374 2217 Introd„
413 2182 486 2218 pp.
529 2174 823 2219 LVIII-LIX)
864 2175 1105 2211 consistant
1134 2175 1242 2210 dans
1270 2175 1311 2210 la
1337 2175 1570 2219 repetition
1598 2175 1649 2211 de
1676 2175 1718 2210 la
1744 2184 1838 2220 pre-

201 2233 331 2268 miere
346 2233 488 2276 lettre,
507 2232 559 2268 cf.
582 2232 662 2278 Ep.
684 2233 886 2269 XXVIII
904 2234 926 2270 7
947 2245 954 2269 :
975 2245 990 2268 «
1016 2234 1064 2269 In
1082 2244 1226 2279 pace...
1248 2234 1292 2269 in
1310 2244 1456 2279 puyna
1479 2236 1552 2269 »et
1572 2233 1736 2270 XCVII
1756 2235 1806 2270 10
1826 2245 1834 2269 :

203 2304 218 2324 ιι
241 2291 338 2327 Non
365 2301 589 2337 pronum...
619 2293 693 2328 sed
722 2303 930 2339 praeceps.
958 2305 972 2327 »
1000 2314 1055 2318 -
1113 2293 1228 2329 Licet
1260 2304 1271 2339 :,
1299 2293 1351 2329 cf.
1387 2294 1404 2328 I
1433 2294 1470 2328 4.
1504 2293 1577 2337 Ici,
1605 2294 1634 2329 il
1661 2301 1705 2329 se
1733 2297 1837 2338 peut

203 2351 410 2387 toutefois
428 2351 533 2396 qu’il
550 2351 634 2388 soit
651 2353 737 2397 pris
757 2352 863 2388 dans
881 2361 960 2388 son
977 2362 1074 2388 sens
1094 2353 1318 2399 classique.
1351 2373 1406 2378 —
1462 2352 1612 2399 Itaque
1631 2363 1639 2388 :
1660 2354 1712 2389 cf.
1738 2353 1778 2388 II
1797 2353 1835 2389 2.

282 2410 321 2445 7.
353 2430 408 2435 -
468 2410 633 2447 Scilicet
659 2422 666 2447 :
696 2423 711 2445 «
732 2421 830 2447 sans
857 2412 990 2448 doute
1013 2424 1028 2446 »
1053 2412 1300 2458 (ironique).
1332 2432 1387 2437 ——
1441 2412 1553 2448 Vitia
1578 2417 1723 2448 nostra
1748 2422 1838 2448 sus-

204 2473 341 2504 tentat
365 2480 373 2504 2
400 2469 593 2516 seneque
615 2474 721 2507 veut
745 2472 833 2507 dire
857 2481 940 2517 que
962 2472 1004 2508 la
1027 2474 1154 2508 vertu
1179 2472 1251 2508 des
1276 2472 1452 2508 anciens
1477 2472 1685 2508 Romains
1712 2474 1774 2508 est
1798 2473 1838 2507 la

204 2536 330 2564 cause
350 2529 423 2574 qui
444 2531 646 2574 empeche
664 2530 722 2566 les
743 2531 856 2566 vices
878 2531 929 2567 de
949 2531 1061 2567 leurs
1082 2531 1370 2567 descendants
1391 2531 1444 2567 de
1465 2541 1612 2567 mener
1630 2531 1837 2576 l’Empire

204 2588 228 2624 a
262 2597 310 2623 sa
343 2588 476 2623 ruine.
515 2589 621 2624 Sous
656 2590 902 2626 l'inssuence
938 2591 990 2626 de
1025 2600 1103 2627 son
1139 2591 1372 2627 education
1408 2591 1608 2634 oratoire,
1645 2590 1837 2636 Seneque

204 2655 364 2692 oppose
388 2647 548 2692 parfois
571 2648 630 2684 les
656 2649 856 2694 antiques
880 2651 1030 2686 vertus
1056 2659 1142 2685 aux
1165 2649 1279 2686 vices
1305 2650 1358 2685 de
1382 2658 1446 2685 ses
1474 2650 1835 2694 contemporains;

203 2715 302 2752 voy.
335 2706 490 2742 Introd.
519 2716 592 2752 pp.
622 2708 924 2752 LXIV-LXV,
952 2711 996 2745 et
1023 2709 1077 2745 cf.
1107 2711 1229 2745 entre
1257 2711 1401 2745 autres
1423 2710 1484 2745 De
1502 2710 1603 2745 Ben.
1630 2709 1670 2744 II
1693 2710 1729 2752 1,
1756 2709 1836 2744 4et

205 2765 302 2802 Nat.
329 2765 492 2810 Quaesl.
522 2766 538 2801 I
563 2767 628 2811 17,
652 2767 690 2803 5.
716 2768 842 2812 Mais,
866 2768 1088 2804 moraliste
1111 2768 1250 2804 averti
1274 2769 1346 2804 des
1371 2769 1647 2813 dispositions
1672 2777 1838 2812 perma-

202 2827 354 2860 nentes
382 2825 439 2860 du
467 2834 586 2861 coeur
610 2826 804 2871 humain,
832 2827 861 2863 il
887 2829 952 2864 est
981 2827 1081 2863 bien
1108 2828 1203 2873 plus
1232 2828 1411 2873 original
1439 2827 1586 2873 quand
1612 2827 1640 2862 il
1668 2827 1838 2862 affirme

206 2883 338 2929 qu'on
362 2884 465 2920 s’est
489 2885 686 2930 toujours
711 2887 851 2932 plaint
876 2886 934 2923 du
958 2889 1101 2932 temps
1126 2887 1315 2932 present,
1341 2897 1438 2933 que,
1455 2887 1631 2922 suivant
1656 2886 1714 2922 les
1740 2887 1839 2931 epo-
