2195 3345
425 226 483 271 76
714 237 758 268 L.
795 236 959 268 ANNAEr
993 236 1188 268 SENECAE
1220 236 1541 268 DIALOGORUM
1574 238 1669 269 Lm.
1705 238 1774 270 ΧΗ

422 359 671 412 praeturae
705 358 755 397 et
787 353 1062 397 consulatus
1095 353 1331 410 repulsam
1359 353 1382 396 ‘2
1415 354 1672 409 ignominia
1706 355 1785 398 illa
1819 359 2068 412 praeturae

421 431 472 470 et
498 426 772 470 consulatus
799 425 907 475 fuit,
937 424 1109 481 quibus
1136 437 1198 467 ex
1224 424 1400 468 Catone
1430 425 1579 468 honor
1606 425 1888 470 habebatur.
1918 428 2068 471 Nemo

420 498 482 540 ab
513 498 605 540 alio
638 496 974 546 contemnitur,
1007 496 1095 538 nisi
1126 507 1153 538 a
1186 508 1234 538 se
1264 499 1376 538 ante
1409 499 1713 553 contemptus
1743 501 1831 540 est.
1865 498 2070 543 Humilis

420 573 471 611 et
492 569 729 625 proiectus
750 567 937 610 animus
959 567 1023 609 sit
1043 566 1122 609 isti
1145 567 1458 610 contumeliae
1480 570 1779 624 opportunus
1804 583 1815 619 ;
1850 570 1930 625 qui
1956 583 2068 613 uero

420 640 647 683 aduersus
677 638 975 681 saeuissimos
1004 650 1139 681 casus
1167 651 1214 680 se
1243 638 1433 681 extollit
1458 641 1510 681 et
1535 651 1590 681 ea
1618 639 1759 689 mala,
1791 640 1963 696 quibus
1990 641 2069 684 alii

419 711 770 768 opprimuntur,
813 709 1002 759 euertit,
1045 709 1172 765 ipsas
1211 709 1424 752 miserias
1465 709 1721 753 infularum
1764 710 1865 754 loco
1907 711 2068 762 habet,

422 782 611 838 quando
640 781 708 824 ita
736 780 913 824 adfecti
942 794 1119 830 sumus,
1149 783 1205 823 ut
1232 780 1349 822 nihil
1375 792 1524 836 aeque
1559 792 1783 837 magnam
1816 783 1944 839 apud
1982 793 2069 826 nos

418 852 784 896 admirationem
813 855 1016 908 occupet
1044 864 1188 908 quam
1219 852 1358 894 homo
1390 851 1578 894 fortiter
1606 852 1762 896 miser.
1793 852 2070 897 Ducebatur

418 923 618 967 Athenis
637 923 697 966 ad
718 923 1002 979 supplicium
1022 922 1268 973 Aristides,
1290 922 1364 969 cui
1386 922 1598 978 quisquis
1617 927 1887 966 occurrerat
1904 924 2069 968 deicie-

497 1044 538 1076 N.
561 1044 597 1076 C.
623 1062 657 1066 -
682 1044 783 1075 XIII
801 1044 834 1076 6.
863 1044 1009 1075 animus
1029 1045 1077 1076 sil
1097 1045 1129 1075 A
1149 1054 1157 1082 ;
1179 1044 1325 1075 animus
1345 1044 1390 1084 sil
1410 1050 1470 1083 ug.
1491 1053 1500 1082 ;
1521 1044 1666 1075 animus
1687 1045 1737 1075 esi
1757 1043 1881 1076 Gertz·

421 1150 672 1185 Praeturae:
697 1149 726 1184 il
750 1159 778 1194 y
801 1148 965 1184 echoua
981 1158 1032 1184 en
1048 1149 1098 1184 55
1121 1148 1229 1183 mais
1244 1148 1400 1184 reussit
1413 1148 1581 1183 l’annee
1596 1148 1811 1184 suivante.
1826 1167 1881 1172 —
1909 1148 2068 1184 Consu-

420 1208 565 1244 latus:
604 1210 672 1244 cet
705 1208 832 1243 echec
857 1210 921 1244 est
946 1208 998 1243 de
1023 1208 1071 1243 51
1099 1219 1108 1251 ;
1145 1207 1283 1245 Caton
1307 1217 1359 1243 ne
1382 1207 1451 1244 fut
1473 1208 1630 1253 jamais
1655 1208 1804 1243 consul
1829 1218 1838 1243 ;
1873 1219 1889 1242 «
1910 1207 2068 1244 Catoni

417 1268 602 1313 populus
656 1268 881 1303 Romanus
926 1269 1180 1312 praeturam
1224 1267 1416 1312 negauit,
1460 1268 1723 1303 consulatum
1767 1267 2026 1313 pernegauit.
2052 1279 2067 1301 ιο

418 1328 503 1372 (De
545 1327 647 1362 Ben.
676 1327 714 1362 V
742 1327 807 1370 17,
835 1327 894 1372 2.)
918 1327 1045 1363 Juste
1067 1327 1193 1371 Lipse
1221 1327 1286 1362 dit
1312 1327 1365 1362 de
1390 1327 1451 1362 lui
1479 1337 1487 1362 :
1517 1327 1698 1362 «Homo
1726 1336 1813 1362 non
1839 1327 1982 1362 factus
2010 1327 2064 1363 ad

419 1387 715 1422 ambiendum.
742 1398 756 1420 »
786 1407 840 1411 —
901 1387 1052 1422 Honor
1082 1397 1091 1422 ε
1122 1386 1176 1422 cf.
1209 1386 1302 1421 Val.
1336 1387 1451 1422 Max.
1483 1386 1572 1421 VII
1603 1386 1645 1430 5,
1676 1386 1700 1422 6
1733 1397 1741 1422 :
1778 1397 1793 1421 «
1815 1386 1937 1430 Cato,
1968 1387 2065 1432 plus

418 1447 525 1482 mori
532 1446 605 1482 bus
648 1446 738 1481 suis
781 1448 1000 1490 praeturae
1043 1445 1200 1481 decoris
1243 1446 1480 1481 adiecturus
1524 1455 1657 1490 quam
1700 1447 1931 1490 praetexto
1975 1446 2064 1482 eius

419 1505 658 1551 splendoris
681 1505 773 1550 ipse
797 1505 980 1540 laturus.
1007 1517 1021 1539 »

502 1565 540 1601 6.
573 1585 627 1589 ——
682 1565 816 1599 Nemo
842 1564 1135 1600 contemnitur
1162 1575 1170 1599 ε
1199 1565 1469 1608 contemptus,
1496 1563 1535 1598 le
1561 1564 1781 1599 troisieme
1808 1563 1881 1599 des
1911 1564 2064 1600 incom-

419 1625 541 1660 moda
565 1624 623 1659 du
648 1624 772 1668 chap.
799 1624 861 1659 VI
886 1624 923 1658 1.
950 1624 1066 1659 Tout
1088 1624 1127 1658 16
1155 1624 1216 1659 De
1243 1622 1490 1659 Constantia
1514 1632 1537 1657 a
1561 1632 1671 1667 pour
1695 1623 1776 1659 but
1800 1623 1853 1658 de
1876 1632 2065 1668 prouver

420 1694 503 1730 que
533 1684 576 1719 ni
605 1683 767 1729 inJ'ures
798 1683 842 1718 ni
873 1683 1059 1718 offenses
1089 1692 1143 1718 ne
1171 1682 1384 1718 touchent
1413 1682 1452 1717 16
1481 1690 1581 1727 sage
1605 1693 1615 1726 ;
1647 1683 1700 1718 cf.
1733 1692 1785 1718 en
1814 1683 2065 1728 particulier

424 1745 484 1780 De
505 1743 643 1779 Const.
664 1743 702 1778 V
719 1743 744 1778 3
772 1743 797 1779 3
828 1743 890 1778 VI
912 1743 931 1777 1
951 1740 1007 1788 [V
1025 1740 1131 1789 3-7],
1153 1742 1195 1776 X
1215 1741 1298 1777 1-3.
1331 1762 1386 1766 —
1443 1741 1627 1777 Animus
1646 1742 1745 1778 sit...
1767 1746 2032 1788 opportunus
2053 1753 2061 1778 :

417 1804 460 1848 je
478 1803 608 1848 garde
625 1802 694 1845 sit,
713 1802 788 1847 qui
805 1805 870 1838 est
888 1802 930 1837 13
947 1802 1068 1847 lecon
1087 1802 1146 1836 du
1164 1801 1404 1836 manuscrit
1422 1801 1460 1836 A
1476 1821 1531 1825 —
1549 1801 1601 1836 cf.
1619 1802 1667 1837 N.
1690 1802 1731 1837 C.
1754 1822 1822 1845 —,
1839 1812 1867 1847 y
1895 1804 2064 1848 voyant

419 1872 478 1898 un
494 1862 607 1908 subj.
625 1861 855 1906 concessis:
874 1872 889 1895 «
903 1861 945 1907 J'e
960 1871 1077 1897 veux
1093 1861 1191 1895 bien
1208 1860 1343 1906 qu'un
1360 1860 1538 1905 esprit...
1556 1861 1655 1904 soit,
1672 1861 1780 1896 mais
1797 1861 1907 1897 celui
1922 1861 2064 1907 qui...»

421 1922 482 1958 Cf.
517 1922 617 1965 Uhl‚
652 1921 816 1966 Quaest.
848 1920 936 1956 crit.
973 1921 1017 1955 in
1048 1921 1095 1955 L.
1133 1920 1247 1955 Ann.
1286 1920 1381 1956 Sen.
1420 1920 1636 1965 Dianqos,
1668 1929 1709 1965 p.
1742 1920 1794 1956 36
1828 1931 1837 1956 ε
1871 1932 1887 1955 «
1909 1921 2063 1956 Nonne

419 1980 541 2017 uides
571 1981 705 2016 etiam
733 1980 904 2015 facilius
934 1980 1015 2015 hac
1042 1980 1087 2015 in
1115 1979 1335 2015 sententia
1355 1979 1685 2015 coniunctiuum
1711 1980 1886 2015 defendi
1907 1980 2062 2025 posse?

422 2041 601 2078 Nullum
628 2040 682 2075 ab
710 2039 802 2075 aliis
828 2039 1065 2082 contemni,
1092 2039 1174 2074 nisi
1200 2039 1274 2084 qui
1300 2048 1325 2073 3
1349 2046 1393 2074 se
1417 2039 1510 2083 ipso
1539 2041 1640 2075 ante
1667 2041 1946 2084 contemptus
1971 2039 2028 2075 sit
2052 2050 2062 2083 ;

422 2100 513 2144 fieri
546 2110 665 2145 posse
699 2101 743 2134 ut
772 2099 972 2134 nonnulli
1005 2099 1080 2134 illa
1112 2098 1362 2134 contumelia
1406 2099 1705 2144 opprimantur
1829 2098 1914 2134 Eos
1959 2107 2062 2134 uero

421 2160 495 2205 qui
528 2187 537 2203 ,
571 2161 683 2194 etc...
719 2158 1022 2201 coniunctium
1056 2167 1186 2203 quem
1217 2157 1504 2193 concessiuum
1537 2158 1775 2202 appellant,
1807 2158 2062 2202 scriptorem

418 2228 546 2255 usum
580 2228 671 2254 esse
703 2219 899 2263 apparet.
926 2229 940 2252 »
999 2238 1054 2242 —
1113 2217 1194 2262 Qui
1226 2227 1329 2252 uero
1363 2228 1372 2251 :
1405 2217 1443 2252 le
1476 2225 1590 2262 sago,
1625 2226 1679 2252 ou
1713 2217 1931 2261 peut-etre
1962 2219 2063 2253 tout

419 2279 593 2314 homme
624 2278 699 2323 qui
729 2279 939 2322 supporte
971 2286 1078 2312 avec
1108 2277 1324 2322 grandeur
1355 2276 1498 2312 d'ame
1529 2286 1588 2311 un
1621 2277 1736 2311 cruel
1766 2276 1976 2312 malheur.
2008 2296 2064 2301 ——

419 2338 663 2374 lniularum
681 2338 776 2373 loeo
797 2347 807 2372 :
831 2337 983 2381 insula,
1005 2336 1207 2372 bandeau
1229 2336 1281 2371 de
1301 2336 1414 2371 laine
1435 2338 1593 2371 ornant
1613 2336 1655 2371 13
1675 2337 1765 2371 tete
1787 2336 1860 2371 des
1880 2336 2062 2380 pretres,

420 2398 492 2433 des
516 2397 715 2433 victimes
740 2398 783 2432 et
807 2396 880 2431 des
905 2396 1164 2440 suppliantS.
1192 2395 1387 2440 seneque
1410 2398 1516 2431 veut
1540 2395 1629 2430 dire
1654 2405 1737 2441 que
1760 2395 1819 2431 les
1843 2395 2060 2431 malheurs

418 2459 519 2492 sont
536 2466 596 2491 un
614 2456 718 2491 titre
738 2464 793 2491 au
811 2457 996 2500 respect,
1015 2465 1100 2491 une
1113 2455 1298 2506 aureole.
1313 2455 1422 2500 Voy.
1442 2464 1595 2490 encore
1615 2465 1660 2490 ce
1681 2455 1786 2500 qu’il
1806 2455 1871 2490 dit
1890 2454 2060 2490 ailleurs

418 2516 591 2562 (Epiyr.
622 2515 711 2550 XX
738 2515 781 2560 9)
811 2525 819 2549 ε
851 2526 866 2549 «
891 2516 972 2551 Res
999 2516 1057 2550 est
1083 2525 1203 2550 sacta
1230 2514 1368 2550 miser.
1395 2525 1409 2547 »
1439 2535 1494 2538 —
1548 2514 1705 2549 Nihil...
1736 2524 1868 2560 quam
1894 2514 2061 2550 fortiter

419 2575 547 2611 miser
571 2585 579 2610 ε
603 2584 731 2619 parce
755 2574 860 2619 qu’il
883 2584 907 2609 a
928 2574 1161 2609 l'occasion
1184 2573 1236 2609 de
1259 2576 1454 2609 montrer
1476 2582 1522 2608 sa
1546 2573 1761 2618 grandeur
1783 2573 1926 2609 d’ame
1948 2575 1992 2609 et
2013 2582 2061 2608 sa

419 2637 652 2670 constance
675 2644 683 2669 :
707 2645 722 2667 «
744 2634 980 2678 Prosperae
1000 2643 1065 2668 res
1087 2636 1130 2669 et
1150 2633 1194 2668 in
1214 2633 1386 2677 plebem
1407 2642 1457 2668 36
1476 2632 1580 2667 uilia
1599 2632 1772 2678 ingenia
1793 2632 2059 2676 deueniunt3

419 2697 465 2730 at
490 2694 763 2730 calamitates
787 2695 1060 2738 terroresque
1084 2692 1337 2728 mortalium
1361 2692 1440 2727 sub
1465 2692 1615 2737 iugum
1640 2692 1815 2728 mittere
1838 2691 2060 2737 proprium

418 2754 565 2799 maqni
584 2753 669 2788 uiri
687 2754 756 2788 est.
782 2764 797 2786 ›>
814 2753 898 2797 (De
917 2752 1090 2788 Prouid.
1116 2752 1173 2787 IV
1193 2752 1247 2797 1).
1267 2752 1395 2787 Aussi
1412 2751 1522 2786 Dieu
1540 2751 1762 2787 lui-meme
1780 2750 2060 2796 eprouve-t-il

419 2823 528 2850 ceux
545 2812 651 2858 qu'il
669 2813 781 2847 aime
798 2821 806 2845 :
828 2812 1052 2847 «Patrium
1073 2812 1176 2847 deus
1195 2812 1330 2846 habet
1349 2811 1555 2846 aduersus
1577 2811 1711 2846 bonos
1730 2810 1845 2846 uiros
1864 2809 2059 2845 animum

419 2875 462 2909 et
489 2872 584 2908 illos
613 2871 786 2907 fortiter
816 2873 962 2906 amat:
1002 2870 1230 2916 OperibuS,
1259 2870 1418 2915 inquit,
1450 2870 1684 2913 doloribu5‚
1717 2869 1885 2905 damnis
1917 2868 2060 2914 exagi-

418 2934 583 2975 tentur,
607 2933 658 2967 ut
680 2940 834 2966 uerum
859 2930 1065 2975 colligant
1089 2930 1233 2965 robur.
1259 2941 1274 2964 ι)
1309 2929 1432 2975 (ibid.
1463 2929 1505 2964 II
1530 2929 1586 2974 6).
1626 2929 1707 2965 Sur
1740 2929 1800 2964 les
1836 2928 2058 2973 epreuves‚

418 3001 518 3037 voy.
544 2991 624 3026 Ad.
643 2990 738 3026 Hel.
763 2989 805 3025 II
824 2989 848 3025 3
867 2991 911 3025 et
934 2989 1001 3024 III
1019 2989 1060 3033 2,
1080 2991 1123 3025 et
1140 2991 1240 3025 tout
1257 2989 1296 3024 le
1319 2990 1380 3024 De
1400 2988 1690 3024 Prouidentia.
1709 3008 1765 3012 —
1821 2986 2028 3023 Aristides
2048 2997 2056 3021 :
