2195 3345
457 243 515 289 78
754 256 797 288 L.
834 256 998 288 ANNAEI
1032 256 1227 288 SENEGAE
1258 257 1579 290 DIALOGORUM
1605 258 1701 290 LIB.
1731 259 1801 290 XII

453 386 597 430 quam
622 373 811 417 aedium
838 385 1077 417 sacrarum
1105 373 1266 416 ruinae
1294 374 1552 424 calcantur,
1581 387 1699 431 quas
1725 375 1925 431 religiosi
1950 388 2099 433 aeque

453 457 510 487 ac
539 445 712 487 stantis
742 444 961 487 adorant.

543 515 661 559 XIV.
692 542 736 545 —
763 515 995 568 Quoniam
1017 528 1119 558 meo
1142 516 1330 558 nomine
1352 516 1468 559 nihil
1488 516 1648 567 hahes,
1670 519 1823 560 mater
1843 517 2099 568 carissima,

453 587 579 643 quod
605 590 652 629 te
678 587 726 628 in
751 586 965 629 infinitas
990 587 1206 630 lacrimas
1230 591 1358 643 agat,
1384 588 1613 643 sequitur,
1639 591 1697 630 ut
1720 600 1888 636 causae
1913 591 2024 632 tuae
2049 591 2097 632 te

450 657 713 700 stimulent.
747 657 868 700 Sunt
895 661 1057 704 autem
1087 658 1208 701 duae
1242 672 1251 700 :
1282 671 1393 701 nam
1421 661 1508 701 aut
1537 659 1651 702 illud
1683 662 1729 701 te
1760 662 1938 710 mouet,
1970 660 2096 716 quod

451 728 737 785 praesidium
770 728 963 784 aliquod
996 728 1171 771 uideris
1202 727 1428 778 amisisse,
1463 731 1550 770 aut
1580 727 1712 777 illud,
1747 729 1874 784 quod
1916 729 2101 772 deside-

451 799 573 843 rium
598 799 755 856 ipsum
780 813 864 856 per
888 813 935 842 se
962 800 1063 856 pati
1089 812 1185 842 non
1209 803 1361 856 potes.

541 871 672 914 Prior
700 883 808 927 pars
834 871 950 914 mihi
979 871 1146 914 leuiter
1170 869 1527 927 perstringenda
1561 873 1662 920 est;
1696 871 1807 914 noui
1838 871 1964 914 enim
1997 871 2096 914 ani-

449 956 580 985 mum
606 946 743 985 tuum
770 942 886 985 nihil
910 943 958 985 in
983 943 1078 989 suis
1102 945 1290 998 praeter
1314 942 1440 997 ipsos
1464 944 1724 984 amantem.
1751 942 1969 985 Viderint
1991 942 2097 986 illae

448 1091 750 1134 incorrection‚
795 1100 962 1126 comme
1000 1090 1039 1126 le
1082 1099 1309 1135 remarque
1354 1089 1409 1124 M.
1445 1089 1648 1133 Hermes,
1696 1089 1771 1135 qui
1812 1090 1989 1126 renvoie
2035 1100 2092 1126 au

452 1153 514 1187 De
548 1151 639 1186 Otio
668 1151 755 1186 VII
784 1150 809 1186 3
840 1161 848 1185 :
881 1161 895 1184 «
919 1151 1095 1186 ...Dicat
1127 1150 1384 1194 Epicurus...
1416 1158 1505 1184 se...
1537 1149 1731 1185 dolorem
1761 1149 1896 1185 etiam
1925 1150 2096 1195 adpeti-

446 1214 612 1254 turum,
635 1210 674 1246 si
698 1212 775 1246 aut
798 1210 1020 1254 uoluptati
1047 1209 1282 1245 imminebit
1306 1208 1578 1253 paenitentia
1602 1220 1616 1242 »
1642 1211 1685 1244 et
1710 1208 1734 1244 a
1757 1209 1874 1254 l'Ep.
1901 1209 2094 1245 LXXVI

446 1271 499 1307 26
529 1281 537 1305 :
567 1281 583 1304 «
607 1270 718 1305 Illud
746 1279 920 1315 quoque
948 1269 1158 1312 dixeram,
1185 1268 1224 1304 si
1252 1269 1368 1303 bona
1394 1270 1492 1303 sunt
1519 1277 1632 1311 ea...,
1661 1270 1705 1304 et
1732 1270 1858 1304 muta
1886 1268 2093 1305 animalia

448 1331 624 1366 beatam
656 1330 797 1365 uitam
829 1331 993 1364 actura.
1021 1341 1035 1363 »
1068 1329 1134 1364 En
1166 1328 1355 1374 gardant
1385 1328 1427 1363 la
1458 1328 1580 1372 leeon
1615 1328 1672 1362 du
1705 1328 1946 1364 manuscrit
1978 1328 2031 1372 A,
2063 1328 2093 1364 il

446 1390 543 1425 faut
566 1389 674 1425 faire
698 1389 914 1434 dependre
941 1388 1070 1424 iacuit
1094 1388 1209 1423 aussi
1234 1387 1332 1423 bien
1358 1397 1441 1433 que
1465 1387 1610 1422 cecidit
1635 1387 1687 1422 de
1710 1388 1762 1422 si.
1795 1407 1850 1411 —
1907 1387 2093 1423 Aedium

445 1459 667 1485 sacrarum
694 1458 800 1495 quas
827 1448 1056 1493 religiosi...
1088 1456 1236 1492 :pour
1264 1446 1474 1492 Sem‘eque,
1502 1446 1541 1481 le
1569 1446 1663 1481 vrai
1689 1447 1854 1491 temple
1881 1446 2009 1492 digne
2037 1447 2092 1482 de

448 1509 573 1552 Dieu,
593 1519 615 1543 c
619 1508 698 1544 est
716 1508 742 1543 l'
748 1508 921 1543 univers
942 1507 1026 1552 (De
1048 1507 1151 1542 Ben.
1172 1507 1258 1542 VII
1279 1507 1317 1549 7,
1337 1506 1413 1550 3);
1433 1505 1462 1540 il
1482 1486 1653 1541 affirme
1671 1507 1825 1549 meme,
1846 1515 2015 1542 comme
2030 1506 2091 1542 les

445 1568 674 1610 chremens,
705 1577 787 1613 que
818 1577 839 1602 c
843 1567 923 1602 ’est
953 1567 1067 1602 aussi
1095 1567 1134 1602 le
1163 1575 1281 1601 coeur
1310 1566 1362 1600 de
1391 1565 1598 1600 l'homme
1629 1575 1637 1600 :
1670 1564 1807 1600 «Non
1835 1565 2003 1610 templa
2029 1565 2091 1601 illi

445 1628 607 1674 (deo)...
651 1627 916 1663 exstruenda
944 1628 1048 1661 sunt
1078 1636 1086 1661 ε
1120 1626 1163 1661 in
1192 1635 1268 1660 suo
1296 1625 1443 1669 cuique
1471 1624 1777 1660 consecrandus
1806 1626 1863 1660 est
1893 1626 2089 1669 pectore»

444 1688 638 1733 (Fraym.
672 1686 868 1722 CXXIII
898 1686 1095 1731 (Haase),
1127 1687 1170 1720 et
1200 1694 1269 1729 αρ.
1300 1684 1412 1719 Lact.
1444 1683 1506 1718 VI
1535 1683 1603 1726 25,
1633 1684 1690 1728 3).
1724 1683 1785 1720 Cf.
1817 1684 1934 1719 saint
1964 1684 2088 1728 Paul,

449 1747 529 1782 Ad.
554 1747 644 1782 Cor.
672 1746 689 1781 Ι
709 1746 750 1789 3,
773 1746 823 1781 16
847 1756 855 1781 :
879 1750 977 1782 «Οὐκ
1000 1752 1109 1782 οῖδατε
1134 1751 1182 1780 ὅτι
1218 1749 1313 1786 ναὸς
1352 1748 1441 1779 θεοῦ
1475 1747 1566 1779 ε’στὲ
1600 1749 1654 1779 καὶ
1682 1750 1718 1780 τὸ
1756 1751 1884 1789 πνεῦμα
1922 1751 1980 1780 τοῦ
2013 1748 2090 1780 θεοῦ

442 1811 524 1843 οὶκεῑ
557 1810 591 1843 ἑν
620 1810 696 1852 ὑμῖν
719 1816 757 1848 ›>;
784 1805 865 1850 (Cf.
896 1805 997 1840 ibid.
1025 1805 1041 1839 Ι
1068 1805 1107 1848 6,
1138 1804 1222 1848 19.)
1252 1823 1307 1827 ——
1365 1804 1528 1838 Aderat
1555 1813 1563 1838 z
1602 1812 1657 1837 au
1688 1803 1772 1838 lieu
1809 1803 1862 1839 de
1898 1803 2086 1848 adorare,

443 1867 484 1901 13
509 1876 633 1910 prose
657 1865 868 1910 classique
894 1864 1076 1909 emploie
1099 1863 1290 1899 uenerari
1315 1862 1419 1907 (Cic.
1452 1863 1513 1898 De
1538 1862 1638 1899 Nat.
1670 1863 1791 1898 Deor.
1820 1862 1838 1898 I
1870 1862 1937 1906 42,
1970 1862 2084 1908 117).

447 1926 633 1961 Adorare
673 1925 924 1969 appartient
956 1924 979 1959 a
1010 1924 1050 1958 13
1080 1923 1237 1968 langue
1266 1922 1487 1968 poetique,
1526 1921 1579 1957 cf.
1626 1922 1800 1967 Virgile,
1838 1921 1942 1957 Aen.
1974 1922 1992 1957 I
2017 1922 2086 1966 48,

447 1985 488 2020 II
515 1985 609 2028 700,
640 1985 707 2019 III
733 1984 827 2027 437,
855 1984 897 2019 Χ
922 1984 1016 2027 677,
1043 1985 1086 2018 et
1110 1992 1210 2028 voy.
1242 1982 1398 2017 Introd.
1435 1982 1454 2026 ξ
1479 1981 1545 2017 32.
1573 2001 1628 2006 —
1652 1981 1734 2017 Sur
1763 1982 1801 2017 le
1836 1993 1851 2015 «
1872 1981 2030 2027 mepris
2054 1993 2085 2026 »,

442 2054 542 2090 voy.
570 2044 726 2080 Introd.
756 2044 860 2089 §25‚
889 2046 931 2079 et
961 2052 1032 2077 sur
1059 2043 1118 2078 les
1148 2053 1162 2076 (ε
1184 2041 1400 2086 exemples
1426 2053 1453 2084 ›>,
1483 2041 1642 2076 Introd.
1673 2041 1778 2086 §34
1811 2061 1866 2066 —-
1890 2041 2050 2077 Stantis
2073 2051 2083 2077 τ

443 2114 546 2147 acc„
568 2114 611 2139 se
632 2106 838 2148 rapporte
860 2104 882 2138 a
904 2113 1019 2148 quas.

526 2164 632 2199 XIV.
671 2164 706 2199 1.
740 2183 794 2187 —
857 2163 914 2198 Ici
940 2171 1188 2198 commence
1212 2161 1254 2195 13
1278 2160 1462 2196 seconde
1488 2160 1629 2205 partie
1655 2160 1708 2195 de
1732 2159 1775 2194 la
1802 2160 2086 2196 Consolation.

441 2224 577 2267 Apres
605 2223 727 2258 avoir
753 2222 952 2258 examine
977 2231 1025 2257 sa
1050 2230 1206 2266 propre
1232 2220 1460 2263 situation,
1486 2219 1676 2254 l'auteur
1702 2228 1827 2264 passe
1854 2219 1878 2254 a
1904 2219 2008 2255 celle
2034 2219 2088 2255 de

442 2292 488 2317 sa
509 2283 636 2318 mere.
670 2303 725 2307 —
782 2283 878 2318 Meo
899 2281 1073 2316 nomine
1096 2291 1103 2315 :
1127 2290 1142 2313 «
1164 2289 1215 2315 en
1237 2289 1283 2315 ce
1304 2279 1379 2325 qui
1399 2289 1468 2314 me
1488 2288 1697 2314 concerne
1721 2290 1749 2322 »,
1772 2278 1825 2313 cf.
1852 2278 1920 2314 Ad
1940 2278 2086 2324 Polyb.

445 2342 510 2377 IX
540 2343 577 2386 1,
607 2344 652 2378 et
686 2343 746 2378 De
779 2342 850 2377 ΒΓ.
893 2342 973 2377 Vit.
1006 2340 1095 2376 XX
1124 2339 1161 2374 4.
1195 2359 1249 2363 -
1310 2339 1538 2374 Stimulent
1569 2348 1578 2373 z
1610 2349 1625 2372 «
1646 2339 1950 2374 tourmentent
1973 2349 2000 2373 ν).
2032 2357 2089 2363 -

437 2399 546 2434 Nam
590 2401 677 2434 sert
721 2400 923 2442 souvent‚
969 2408 1136 2434 comme
1180 2399 1248 2442 ici,
1283 2398 1308 2434 a
1339 2398 1581 2434 introduire
1619 2407 1679 2432 un
1722 2397 2087 2443 developpement

440 2458 678 2503 explicatis.
719 2458 753 2493 Il
787 2468 840 2493 ne
874 2468 918 2494 se
951 2459 1232 2507 traduitpas
1268 2468 1320 2493 en
1355 2457 1558 2503 francais.
1592 2478 1647 2481 —
1705 2458 1793 2493 Aut
1825 2457 1976 2493 illud...
2011 2460 2089 2493 aut

439 2517 544 2553 illud
572 2528 580 2552 :
610 2517 663 2552 cf.
699 2518 766 2553 Ad
796 2519 929 2553 Marc.
960 2517 1074 2553 XIX
1105 2518 1174 2553 1-2
1204 2528 1212 2553 :
1242 2517 1428 2553 «Mouet
1455 2517 1680 2563 lugentem
1707 2516 1970 2552 desiderium
1996 2515 2086 2552 eius

440 2587 570 2622 quem
588 2577 801 2612 dilexit....
830 2577 977 2613 Mouet
995 2579 1038 2614 et
1060 2577 1167 2613 illud
1191 2577 1414 2622 lugentem
1434 2587 1442 2612 :
1471 2587 1486 2610 «
1508 2575 1606 2611 Non
1634 2575 1715 2612 erit
1743 2575 1818 2622 qui
1844 2585 1913 2611 me
1937 2575 2087 2611 desen-

440 2637 531 2672 dat.
557 2648 584 2672 ».
618 2657 673 2660 —
732 2636 1027 2672 Desiderium:
1046 2637 1100 2672 ef.
1121 2636 1187 2671 XI
1205 2636 1243 2672 3.

499 2696 537 2731 2.
570 2716 624 2720 -—
682 2695 850 2731 Leniter
878 2696 1230 2742 perstringenda:
1261 2695 1406 2731 leuiter
1424 2695 1770 2740 perstrinqere-
1733 2711 1771 2715 —-
1796 2705 1812 2728 «
1832 2693 2033 2729 effleurer
2055 2705 2086 2736 »,

440 2755 493 2790 cf.
526 2755 612 2791 Cic.
646 2755 728 2790 Pro
757 2755 848 2791 Serc.
886 2755 1034 2791 Roscio
1065 2755 1250 2790 XXXII
1279 2755 1364 2791 91:
1396 2752 1517 2790 «Sed
1545 2754 1590 2788 in
1622 2753 1768 2789 animo
1797 2755 1892 2789 est..
1899 2753 2085 2789 .leuiter

439 2815 618 2850 transire
656 2825 704 2849 ac
742 2816 904 2849 tantum
944 2815 1062 2850 modo
1100 2815 1375 2860 perstringere
1414 2823 1548 2849 unam
1593 2822 1814 2859 quamque
1852 2822 2005 2848 rem.»
2031 2831 2086 2837 ——

440 2874 693 2909 Animum...
719 2877 941 2909 amantem
965 2884 974 2909 :
999 2884 1072 2909 sur
1096 2874 1251 2910 Helvie
1274 2875 1318 2910 et
1341 2883 1406 2909 ses
1431 2873 1619 2919 quantes
1644 2872 1828 2908 morales
1853 2873 1897 2908 et
1920 2873 2082 2915 autres,

439 2943 539 2979 voy.
566 2933 722 2969 Introd.
755 2934 774 2978 ξ
797 2933 861 2968 12.
895 2953 949 2958 --
1004 2933 1194 2969 Viderint
1217 2944 1224 2968 :
1255 2933 1338 2969 fut.
1363 2935 1454 2969 ant.
1479 2943 1487 2968 :
1513 2943 1529 2966 «
1551 2932 1575 2968 a
1597 2932 1695 2968 elles
1727 2931 1781 2967 de
1812 2931 1908 2967 voir
1929 2942 1958 2975 »‚
1988 2938 2083 2967 sens

439 2994 656 3039 frequent,
687 2993 740 3028 cf.
774 2993 998 3029 Tite-Live
1033 2994 1075 3028 II
1106 2993 1172 3037 40,
1205 2993 1228 3029 9
1261 3003 1270 3028 :
1304 2993 1406 3028 «De
1436 2992 1500 3028 his
1536 2991 1694 3027 uideris
1718 3002 1734 3025 ι)
1772 3007 1812 3020 --
1847 3001 1863 3026 «
1884 2990 1909 3026 a
1937 2990 2001 3026 toi
2030 2990 2084 3026 de
