2154 3377
356 176 420 207 ΑΙ)
453 174 673 206 HELVIAM
708 174 909 205 MATREM
945 174 1007 205 DF.
1043 174 1424 210 CONSOLATIONE,
1459 174 1540 205 xlx
1689 162 1774 206 105

128 294 306 351 loquax
339 296 390 336 et
426 293 472 335 in
509 292 819 336 contumelias
856 292 1202 348 praefectorum
1240 291 1478 347 ingeniosa
1518 294 1774 347 prouincia,

129 365 178 407 in
202 376 295 421 qua
317 364 463 407 etiam
487 363 566 420 qui
590 362 868 406 uitauerunt
890 362 1078 418 culpam
1102 374 1195 404 non
1219 363 1492 417 effugerunt
1514 362 1774 414 infamiam,

128 435 263 479 uelut
303 435 495 478 unicum
538 433 809 477 sanctitatis
855 432 1124 488 exemplum
1174 433 1390 489 suspexit
1434 436 1498 482 et,
1544 435 1668 490 quod
1711 436 1775 478 illi

129 505 463 549 difficillimum
498 508 586 554 est,
622 504 696 548 cui
730 503 875 546 etiam
912 503 1158 560 periculosi
1194 504 1314 546 sales
1346 504 1553 560 placent,
1588 518 1775 550 omnem

129 576 383 621 uerborum
416 575 654 619 licentiam
690 574 927 618 continuit
957 578 1007 617 et
1041 575 1176 618 hodie
1211 575 1409 618 similem
1443 576 1525 625 illi,
1561 579 1778 632 quamuis

132 659 393 703 numquam
412 650 583 703 speret,
603 659 786 703 semper
802 649 958 702 optat.
978 646 1181 689 Multum
1200 650 1318 696 erat,
1339 647 1375 689 si
1395 660 1476 703 per
1497 647 1613 691 XVI
1630 660 1780 692 annos

130 718 260 762 illam
284 718 527 775 prouincia
551 717 834 774 probasset3
858 717 963 773 plus
985 720 1074 767 est,
1099 717 1226 773 quod
1250 717 1503 773 ignorauit.
1530 718 1662 762 Haec
1684 732 1777 762 non

132 789 238 833 ideo
271 789 436 839 refer0,
471 792 528 831 ut
560 789 722 831 laudes
754 788 854 831 eius
885 800 1109 845 exequar,
1145 800 1262 844 quas
1296 788 1673 833 circumscribere
1707 794 1780 833 est

133 863 234 904 tam
247 872 385 916 parce
402 863 737 909 transcurrere,
752 859 832 902 sed
852 863 908 902 ut
926 859 1170 915 intellegas
1188 860 1347 915 magni
1366 860 1511 902 animi
1530 874 1628 904 esse
1648 862 1782 904 femi-

134 943 262 981 nam,
284 943 426 987 quam
446 943 541 973 non
558 930 773 980 ambitiO,
794 943 888 972 non
906 930 1125 980 auaritia,
1147 930 1342 974 comites
1359 932 1513 974 omnis
1537 933 1779 988 potentiae

134 1005 186 1045 et
221 1005 394 1058 pestes,
434 1002 666 1052 uicerunt,
707 1014 802 1044 non
840 1005 996 1044 metus
1034 1002 1202 1045 mortis
1239 1002 1334 1044 iam
1372 1006 1620 1046 exarmata
1660 1017 1780 1047 naue

135 1073 435 1129 naufragium
476 1086 613 1115 suum
653 1076 949 1128 spectantem
989 1072 1242 1123 deterruit,
1283 1073 1536 1130 quominus
1573 1075 1781 1118 exanimi

135 1143 236 1187 uiro
271 1144 468 1187 haerens
501 1156 594 1186 non
628 1147 890 1200 quaereret,
925 1144 1327 1201 quemadmodum
1359 1145 1468 1188 inde
1500 1145 1666 1196 exiret,
1700 1146 1781 1189 sed

216 1275 257 1307 N.
279 1275 316 1306 C.
335 1292 370 1297 —
389 1274 486 1306 XIX
503 1274 537 1305 6.
559 1273 868 1317 ἰηεογηιιιηιεὶίοεαε
887 1274 1141 1314 praefectorum
1158 1264 1202 1312 A,
1221 1282 1312 1305 corr.
1331 1281 1391 1313 ug.
1407 1292 1442 1297 —
1472 1275 1568 1306 XIX
1587 1276 1618 1306 7.
1635 1284 1710 1307 eam
1725 1277 1757 1307 A
1774 1286 1782 1314 ;

142 1330 214 1360 iam
238 1327 400 1367 Madvig.
431 1345 466 1350 -
500 1336 571 1358 non
607 1328 784 1378 quaere-ret
812 1327 844 1358 A
864 1336 893 1377 3-
908 1329 1096 1367 quaereret,
1127 1336 1199 1358 non
1235 1336 1326 1359 corr.
1362 1328 1570 1360 Pincianus.
1602 1346 1637 1351 —
1668 1330 1781 1361 uerba

140 1383 343 1423 quattuor:
367 1381 449 1412 inde
468 1381 585 1412 exiret.
604 1382 665 1412 sed
681 1381 913 1421 queadmodu,
934 1390 1028 1421 quae
1049 1390 1097 1413 m.
1115 1382 1146 1413 1.
1165 1381 1351 1420 omiserat,
1369 1381 1407 1412 in
1425 1388 1497 1421 mg.
1516 1382 1704 1422 suppleuit
1724 1383 1780 1415 ΑΞ.

141 1496 194 1532 de
221 1495 264 1531 in
289 1495 457 1530 domum
481 1505 601 1530 suam
624 1509 673 1525 =
696 1506 711 1528 «
734 1495 840 1529 dans
865 1503 912 1530 sa
935 1495 1102 1530 maison
1126 1506 1157 1530 ».
1181 1515 1236 1519 —
1286 1495 1474 1541 Loquax,
1500 1497 1580 1530 etc.
1610 1505 1618 1530 :
1647 1506 1662 1529 «
1684 1494 1782 1531 Cela

142 1555 252 1591 etait
282 1556 457 1590 surtout
486 1554 580 1589 vrai
611 1554 683 1589 des
714 1554 940 1590 habitants
972 1554 1281 1590 d’Alexandrie
1305 1566 1319 1588 »
1349 1554 1415 1600 (P.
1448 1554 1669 1600 Thomas).
1728 1575 1783 1579 —

144 1613 391 1650 sanctitatis
413 1624 421 1649 :
445 1625 460 1647 «
480 1613 666 1658 probite,
686 1613 890 1659 integrite
914 1625 928 1647 »
948 1623 1002 1649 ou
1024 1625 1039 1647 «
1060 1613 1214 1658 purete
1234 1614 1286 1649 de
1306 1623 1466 1649 moeurs
1491 1625 1520 1658 »,
1541 1613 1594 1649 cf.
1614 1616 1782 1649 sanctus

151 1690 190 1703 =
214 1684 230 1707 α
251 1673 304 1709 de
322 1682 483 1709 moeurs
502 1682 643 1718 pures,
661 1675 876 1708 vertueux
899 1684 914 1707 »
931 1673 1003 1718 (en
1021 1673 1195 1718 parlant
1215 1673 1288 1709 des
1307 1673 1534 1718 hommes).
1553 1694 1608 1698 -—
1625 1674 1782 1717 Quam-

142 1733 208 1769 uis
227 1743 236 1768 :
256 1732 310 1768 cf.
334 1732 401 1768 III
421 1733 457 1768 1.
490 1752 545 1757 —-
602 1733 788 1768 Multum
805 1736 896 1768 crat
916 1743 924 1768 :
945 1742 1000 1768 on
1018 1733 1261 1769 attendrait
1278 1733 1316 1768 le
1333 1733 1448 1778 subj.
1467 1733 1650 1778 puisque
1669 1735 1782 1769 cette

144 1792 415 1828 affirmation
434 1794 498 1827 est
517 1791 818 1827 subordonnee
839 1792 862 1827 3
880 1802 965 1828 une
983 1792 1208 1828 condition
1228 1792 1302 1838 qui
1320 1802 1373 1828 ne
1391 1792 1494 1828 s’est
1512 1801 1590 1837 pas
1608 1792 1782 1828 realisee

143 1852 264 1897 (voy.
292 1851 423 1887 XVII
450 1852 473 1886 4
500 1861 508 1886 :
535 1852 819 1897 parandum...
846 1852 977 1897 esset).
1006 1851 1202 1897 seneque
1226 1851 1368 1887 donne
1392 1861 1478 1887 une
1502 1852 1597 1896 plus
1623 1852 1783 1897 grande

145 1911 373 1948 extension
397 1920 480 1956 que
502 1911 561 1946 les
585 1911 816 1956 classiques
841 1911 865 1946 a
887 1911 1079 1956 l’emploi
1103 1911 1156 1947 de
1178 1911 1338 1947 l'indic.
1364 1911 1706 1956 correspondant
1729 1920 1782 1946 au

145 1970 441 2006 conditionnel
470 1970 682 2015 francais;
713 1970 765 2005 cf.
801 1971 882 2016 Ep.
915 1970 1155 2006 LXXVIII
1184 1971 1234 2006 21
1269 1981 1277 2006 :
1310 1970 1483 2015 «Quam
1512 1978 1671 2016 magna
1700 1972 1784 2006 erat

146 2029 306 2075 gloriae
337 2030 535 2072 materia,
565 2030 601 2064 si
631 2032 927 2074 spectaremur
959 2030 1123 2075 aegri».
1160 2030 1326 2065 Pariois
1357 2030 1512 2073 meme,
1544 2039 1599 2065 on
1628 2031 1785 2066 trouve

145 2089 205 2125 les
235 2089 350 2125 deux
378 2089 698 2125 constructions
727 2089 843 2125 l’une
873 2090 897 2125 a
926 2090 1022 2126 cete
1051 2090 1103 2126 de
1131 2089 1288 2126 l'autre
1319 2100 1327 2125 :
1359 2089 1555 2134 «Quid...
1586 2092 1671 2125 erat
1697 2089 1785 2125 tuti

147 2148 354 2185 aduersus
377 2149 619 2193 repentina,
644 2149 749 2194 quid
773 2149 944 2184 animus
968 2157 1151 2194 magnus
1174 2149 1425 2194 promitteret
1447 2149 1542 2192 sibi,
1564 2148 1599 2184 si
1622 2151 1785 2184 certam

147 2208 358 2244 uirtutem
378 2217 476 2243 cum
494 2207 673 2244 fortuna
692 2208 914 2245 amitteret
927 2209 947 2245 ‘2
966 2219 982 2242 »
1005 2209 1090 2253 (De
1110 2209 1213 2244 Ben.
1239 2209 1305 2243 III
1326 2208 1392 2252 18,
1410 2208 1470 2254 2.)
1501 2229 1556 2233 —
1612 2208 1786 2254 Ignora-

149 2268 212 2304 uit
236 2278 245 2303 :
273 2278 288 2301 a
310 2267 424 2303 n'est
448 2276 526 2312 pas
550 2277 603 2303 en
628 2268 947 2304 contradiction
973 2277 1079 2304 avec
1101 2268 1291 2313 suspeaeit
1315 2276 1329 2302 .·
1355 2277 1409 2303 on
1433 2267 1671 2303 l’admirait
1694 2267 1787 2312 pre-

149 2327 360 2363 cisement
382 2336 510 2372 parce
533 2327 689 2372 qu’elle
712 2337 764 2363 ne
787 2337 832 2363 se
854 2328 1066 2363 montrait
1088 2337 1165 2372 pas
1190 2339 1218 2371 »,
1243 2327 1308 2363 dit
1332 2327 1387 2362 M.
1414 2327 1460 2362 P.
1486 2327 1689 2370 Thomas,
1714 2326 1787 2372 qui

149 2387 234 2422 cite
254 2387 278 2422 a
296 2396 343 2422 ee
362 2395 519 2431 propos
539 2397 606 2422 ces
625 2387 792 2432 paroles
812 2387 865 2423 de
884 2387 1066 2423 Pericles
1086 2397 1158 2423 sur
1175 2387 1216 2422 la
1235 2387 1393 2422 femme
1413 2397 1422 2422 z
1444 2397 1459 2419 «
1481 2390 1621 2433 Μεγάλη
1634 2391 1788 2430 ἡὸόξα...,

148 2451 185 2490 ἧς
207 2451 249 2483 ἂν
265 2449 314 2483 ἐπ’
333 2450 518 2492 ἐλάχιστον,
537 2449 651 2494 ἀρετῆς
666 2453 739 2493 πέρι
758 2454 778 2491 τ’]
800 2452 918 2493 ψόγου,
939 2451 974 2484 ἐν
993 2455 1060 2490 τοῖς
1078 2453 1192 2494 ἄρσεσι
1208 2453 1301 2490 κλέος
1322 2447 1358 2492 ᾖ.
1374 2459 1390 2481 »
1408 2446 1623 2492 (Thucyd.
1645 2446 1686 2481 II
1702 2446 1787 2489 45.)

230 2507 269 2542 7.
301 2526 357 2530 —
418 2506 614 2552 Exequar
640 2517 649 2542 :
678 2517 693 2540 α
715 2516 798 2552 que
822 2506 1075 2551 j'enumere‚
1103 2516 1187 2552 que
1211 2506 1406 2551 j’expose
1429 2517 1456 2540 ».
1489 2525 1543 2530 —
1604 2505 1789 2541 Circum-

150 2565 333 2602 seribere
375 2575 383 2600 :
427 2576 442 2598 α
463 2565 721 2601 restreindre
745 2578 773 2609 ν),
815 2565 1079 2601 c'est-a-dire
1121 2577 1136 2600 «
1157 2566 1263 2601 faire
1302 2567 1394 2601 tort
1435 2565 1521 2608 a...,
1563 2564 1752 2599 affaiblir
1775 2575 1789 2597 »

151 2626 218 2671 (P.
242 2624 478 2670 Thomas);
502 2624 554 2660 cf.
587 2625 644 2660 IV
668 2626 704 2660 1.
725 2645 779 2649 -
812 2625 956 2660 Pestes
978 2635 986 2660 :
1015 2625 1068 2660 cf.
1098 2625 1215 2660 XIII
1241 2624 1279 2660 3.
1296 2644 1350 2649 —-
1382 2624 1615 2660 Exarmata
1640 2632 1751 2658 naue
1779 2633 1787 2657 :

153 2697 168 2719 «ι
189 2685 389 2722 vaisseau
413 2684 487 2730 qui
512 2694 536 2719 a
559 2685 695 2729 perdu
719 2694 784 2720 ses
809 2685 929 2730 agres
953 2684 1264 2729 (armamenta),
1289 2685 1442 2730 degree
1464 2696 1491 2720 ».
1515 2682 1789 2726 Justc-Lipse

152 2742 235 2778 fait
259 2741 314 2778 ici
339 2741 381 2776 la
407 2741 599 2777 curieuse
625 2750 852 2786 remarque
877 2740 1079 2777 suivante
1107 2751 1115 2776 :
1145 2751 1160 2775 α
1181 2741 1397 2777 Notatum
1423 2741 1652 2787 hodieque,
1679 2751 1790 2776 mare

153 2802 360 2838 cadauera
383 2811 502 2846 aeqre
523 2800 642 2845 serre,
667 2802 703 2836 et
725 2802 980 2846 tempestates
1003 2800 1201 2836 suboriri.
1227 2811 1242 2834 »
1271 2820 1327 2825 -—
1387 2801 1571 2837 Effe-rtet
1596 2811 1604 2836 :
1629 2800 1791 2846 malgre

152 2860 192 2897 le
213 2860 383 2896 serieux
405 2860 464 2895 du
485 2859 615 2904 sujet,
637 2859 666 2894 il
688 2859 850 2895 semble
872 2869 956 2905 que
980 2859 1175 2905 seneque
1196 2859 1297 2904 joue
1318 2868 1391 2895 sur
1413 2860 1471 2896 les
1495 2862 1624 2903 mots,
1647 2859 1791 2904 efferre

154 2922 353 2965 pouvant
387 2919 578 2966 signifier
614 2930 629 2952 «
650 2921 868 2964 emporter
891 2930 905 2953 υ
939 2919 1057 2963 (hors
1094 2918 1151 2953 du
1186 2918 1404 2964 vaisseau)
1440 2921 1483 2955 et
1519 2929 1534 2953 «
1555 2928 1701 2954 mener
1736 2927 1788 2953 au
