2154 3377
403 221 465 252 AD
503 219 722 253 iii-:Lvnm
761 219 961 251 MATREM
1001 218 1063 250 DE
1095 219 1472 261 commnione,
1511 221 1554 251 ix
1735 210 1795 252 47

151 339 326 383 uidere.
355 339 565 394 Contigit
589 338 713 381 euim
741 336 806 379 illi
832 336 1159 380 testimonium
1185 337 1431 393 utriusque
1464 352 1472 380 :
1498 338 1675 380 Brutus
1702 341 1797 381 sine

150 410 370 456 Marcello
398 409 569 452 reuerti
597 422 643 452 se
671 407 838 457 doluit,
868 408 1036 451 Caesar
1061 407 1268 451 erubuit.
1297 408 1421 450 Num
1450 408 1657 458 dubitaS,
1687 411 1797 466 quin

151 494 199 524 se
233 480 307 523 ille
343 480 590 524 Marcellus
623 482 789 522 tantus
823 479 894 521 uir
928 479 994 522 sic
1026 479 1085 522 ad
1121 479 1421 522 tolerandum
1455 492 1605 536 aequo
1641 481 1797 522 animo

148 551 342 595 exilium
382 564 520 608 saepe
559 550 844 593 adhortatus
882 550 944 592 sit
986 565 1019 592 :«
1043 551 1176 604 Quod
1217 550 1371 606 patria
1412 563 1555 600 cares,
1597 563 1690 592 non
1728 555 1801 594 est

153 623 375 666 miserum
412 637 422 665 t
455 623 520 665 ita
554 625 600 664 te
633 620 892 677 disciplinis
923 621 1135 670 inbuisti,
1168 625 1224 664 ut
1255 622 1395 664 scires
1425 634 1613 664 omnem
1647 621 1800 664 locum

153 693 355 751 sapienti
388 693 487 736 uiro
522 693 724 749 patriam
759 706 873 734 esse.
910 692 1030 745 Quid
1064 705 1200 748 porro
1230 692 1253 734 ‘2
1286 693 1374 735 hic,
1410 693 1488 748 qui
1523 696 1568 735 te
1600 693 1800 749 expulit,

232 822 274 855 Ν.
289 822 326 854 C.
349 840 383 845 -
409 822 463 855 IX
476 824 508 854 6.
528 823 713 853 reuertisse
726 823 780 859 A;
797 822 980 853 renerusse
996 829 1054 861 ug.
1074 839 1108 844 —
1136 822 1188 853 IX
1204 822 1235 853 7.
1252 831 1357 861 saepe
1373 822 1403 852 A
1418 831 1425 855 z
1444 822 1545 853 muli!
1562 822 1672 853 Gertz
1688 831 1694 853 :
1714 823 1800 862 ipse.

162 935 350 972 feminae
367 945 452 971 non
470 936 690 972 consulum
708 946 894 980 numero,
913 936 983 971 secl
998 935 1242 971 maritorum
1263 944 1398 970 annos
1420 944 1518 970 suos
1541 937 1800 980 computant

161 998 205 1032 et
226 998 387 1032 exeunt
410 994 677 1032 matrimonii
711 1004 855 1038 causa,
889 995 1055 1031 nubunt
1086 994 1256 1040 repudii
1279 1006 1294 1028 »
1324 994 1408 1038 (De
1434 995 1535 1030 Ben.
1564 995 1630 1030 III
1653 994 1718 1038 16,
1741 995 1797 1039 2).

241 1055 280 1091 7.
312 1076 366 1080 —
422 1055 534 1091 Num
554 1054 722 1090 dubitas
745 1064 752 1089 :
774 1053 961 1090 l'auteur
980 1053 1186 1090 continue
1205 1054 1257 1090 de
1277 1054 1508 1089 s'adresser
1529 1054 1552 1089 a
1571 1063 1649 1089 son
1668 1053 1800 1090 inter-

157 1113 355 1150 locuteur
371 1112 637 1160 imaginaire.
654 1134 709 1139 -—
768 1114 888 1157 Quod
907 1124 914 1148 :
932 1113 1017 1149 litt.
1038 1123 1045 1148 :
1065 1124 1079 1147 (ι
1099 1113 1137 1149 16
1153 1113 1234 1149 fait
1252 1123 1334 1159 que
1358 1125 1384 1148 ».
1418 1134 1472 1137 —
1531 1113 1772 1158 Disciplinis
1791 1124 1798 1148 :

158 1173 336 1210 Ciceron
358 1183 466 1209 nous
490 1173 686 1218 apprend
707 1182 805 1218 que,
829 1173 936 1208 dans
958 1182 1036 1208 son
1058 1172 1156 1216 exil,
1180 1171 1421 1216 Marcellus,
1445 1172 1518 1218 qui
1538 1172 1800 1217 jusqu'alors

157 1232 279 1269 avait
306 1232 452 1269 etudie
478 1231 821 1268 exclusivement
846 1231 946 1267 l'art
972 1231 1173 1275 oratoire‚
1200 1231 1334 1267 suivit
1359 1231 1418 1267 les
1443 1231 1587 1276 lecons
1610 1232 1667 1267 du
1693 1231 1802 1277 pe'ri-

161 1291 399 1337 pateticien
423 1290 628 1336 Cratippe
652 1292 792 1336 (Brut.
819 1291 970 1327 LXXI
993 1291 1209 1337 249-250).
1244 1291 1352 1328 Mais
1375 1290 1404 1326 il
1431 1291 1607 1333 semble,
1631 1291 1800 1336 d’apres

156 1350 196 1387 le
228 1353 449 1394 contexte,
479 1361 562 1396 que
592 1361 638 1386 ce
666 1350 735 1387 fut
764 1351 872 1386 dans
901 1360 960 1386 un
990 1351 1070 1387 but
1098 1353 1329 1396 purement
1359 1349 1559 1386 oratoire.
1591 1350 1800 1396 seneque,

163 1409 396 1453 d’ailleurs,
419 1410 526 1446 dans
547 1412 647 1446 tout
669 1420 715 1445 ce
736 1417 916 1455 passage
936 1412 979 1446 et
998 1419 1107 1455 pour
1126 1410 1185 1446 les
1207 1409 1377 1446 besoins
1398 1410 1450 1446 de
1468 1409 1511 1445 la
1531 1419 1671 1453 cause,
1692 1419 1800 1445 nous

173 1470 420 1516 represente
464 1468 689 1506 Marcellus
731 1470 956 1514 beaucoup
997 1469 1092 1514 plus
1134 1468 1391 1514 philosophe
1432 1468 1537 1514 qu'il
1579 1479 1632 1504 ne
1659 1468 1801 1505 l’etait

161 1539 214 1564 en
243 1528 408 1565 realite.
443 1530 591 1574 Quant
621 1529 644 1564 a
672 1528 799 1564 l’idee
829 1528 1045 1574 exprimee
1073 1529 1141 1572 ici,
1171 1530 1224 1565 cf.
1256 1528 1398 1574 Epict.
1433 1529 1547 1566 Diss.
1583 1529 1640 1564 IV
1669 1529 1707 1571 7,
1737 1529 1760 1563 4
1791 1539 1799 1563 ;

156 1600 170 1621 ⁴
187 1593 296 1625 Ὀπου
320 1593 504 1634 ἑπανέὶθω,
521 1593 585 1625 ἐκεῖ
599 1605 655 1634 μοι
676 1595 780 1632 καλῶς
799 1595 898 1625 ἔσται·
922 1594 974 1625 καὶ
994 1593 1056 1635 γὰρ
1072 1593 1189 1625 ἐνθάδε
1211 1593 1248 1624 οὺ
1268 1593 1321 1625 διὰ
1343 1595 1401 1625 τὸν
1425 1594 1529 1625 τόπον
1549 1593 1589 1632 ἦν
1607 1604 1664 1634 μοι
1684 1595 1801 1634 καλῶς,

154 1652 243 1685 ἀλλὰ
271 1653 337 1685 διὰ
365 1653 409 1684 τὰ
432 1654 637 1694 δόγματα,
658 1654 678 1684 ἃ
706 1655 840 1694 μέλλω
866 1652 951 1694 μετ’
981 1652 1159 1695 ἐμαυτοῦ
1185 1652 1421 1694 ἀποφέρειν.
1448 1658 1462 1680 »
1487 1668 1542 1672 —
1591 1647 1800 1683 Inbuisti:

163 1707 219 1743 cs.
245 1707 377 1744 XVII
408 1709 445 1743 4.
470 1728 525 1732 ——
585 1708 768 1744 Omnem
792 1707 980 1743 locum...
1005 1707 1189 1752 patriam
1219 1717 1309 1743 esse
1334 1718 1341 1742 :
1374 1716 1446 1742 sur
1472 1706 1510 1742 le
1540 1718 1555 1740 «
1577 1716 1801 1751 cosmopo-

158 1765 322 1803 litisme
345 1778 360 1801 »
383 1767 456 1802 des
479 1766 696 1810 stoiciens,
719 1776 819 1812 voy.
847 1767 1004 1802 Introd.
1039 1768 1057 1812 ἓ
1079 1767 1145 1803 22.
1173 1767 1317 1802 Zenon
1343 1765 1628 1802 n'admettait
1658 1765 1800 1802 l'exis-

152 1829 280 1862 tence
302 1825 433 1862 d'une
455 1827 635 1871 parente
658 1835 887 1862 commune
909 1825 1107 1871 qu’entre
1132 1825 1192 1862 les
1220 1834 1342 1871 sages
1368 1825 1634 1861 seulement:
1655 1836 1670 1858 «
1695 1829 1797 1862 Τοῦτο

153 1889 265 1929 Ζήνων
284 1891 344 1932 μὲν
365 1892 544 1933 ἔγραψεν...
563 1894 727 1932 συγγενεῖς
744 1891 781 1922 δὲ
802 1890 876 1929 τοὺς
896 1889 1050 1932 ἀγαθοὺς,
1071 1890 1277 1930 ἁλλοφὺλους
1299 1891 1335 1922 δὲ
1356 1891 1431 1929 τοὺς
1446 1890 1620 1932 πονηροὺς.
1635 1896 1649 1917 »
1664 1884 1799 1929 (Plut.

157 1946 219 1982 De
257 1944 374 1981 Alex.
421 1946 523 1982 Virt.
566 1946 581 1980 I
613 1944 670 1990 6).
707 1946 817 1991 Voy.
859 1954 1010 1980 encore
1053 1944 1112 1980 les
1161 1944 1344 1981 extraits
1388 1945 1440 1980 de
1484 1944 1642 1981 Stobee
1679 1947 1723 1980 et
1749 1945 1800 1980 de

153 2002 308 2040 Philon
327 2013 410 2050 que
434 2004 575 2041 donne
597 2004 749 2041 Arnim
776 2004 844 2039 III
877 2005 928 2050 ἕξ
950 2004 1149 2047 677-680,
1167 2013 1239 2049 pp.
1259 2004 1456 2040 169-170.
1477 2004 1587 2040 Chez
1604 2004 1800 2049 seneque

152 2066 197 2099 et
217 2062 276 2099 les
298 2063 622 2107 neo-stoiciens,
641 2066 756 2099 cette
776 2063 870 2099 idee
897 2063 1000 2099 s'est
1020 2063 1374 2109 singulierement
1396 2062 1551 2109 elargie
1569 2073 1576 2097 :
1599 2062 1642 2098 la
1659 2062 1800 2107 patrie

153 2131 386 2158 commune
421 2123 638 2159 embrasse
672 2126 761 2159 tous
795 2122 854 2158 les
888 2123 1099 2165 hommes,
1135 2125 1177 2158 ct
1212 2124 1353 2159 meme
1385 2122 1445 2158 les
1480 2122 1610 2158 dieux
1646 2132 1654 2157 :
1689 2122 1796 2158 c'est

152 2182 376 2227 l'univers,
408 2183 460 2219 cf.
497 2185 558 2220 De
592 2182 683 2218 Otio
716 2183 774 2217 IV
806 2183 825 2217 1
859 2192 867 2217 :
900 2183 1057 2218 «Duas
1087 2192 1152 2218 res
1183 2181 1378 2227 publicas
1411 2181 1556 2218 animo
1586 2181 1798 2226 complec-

152 2244 315 2286 tamur,
354 2243 525 2278 alteram
562 2252 762 2288 maynum
799 2243 834 2277 et
872 2251 964 2277 uere
999 2242 1231 2287 publicam,
1269 2252 1351 2287 qua
1387 2242 1431 2277 di
1462 2243 1581 2288 atque
1611 2241 1801 2277 homines

152 2301 432 2345 continentur,
533 2301 731 2344 alteram,
762 2300 830 2336 cui
858 2310 937 2336 nos
968 2300 1198 2346 adscripsit
1227 2301 1424 2341 condicio
1452 2300 1670 2336 nascendi.
1697 2312 1711 2334 »
1736 2301 1799 2336 De

153 2362 270 2397 cette
305 2361 516 2405 doctrine,
550 2360 609 2397 les
644 2360 846 2396 stoiciens
881 2359 1155 2396 deduisaient
1188 2360 1280 2396 leur
1314 2360 1638 2406 enseignement
1673 2360 1723 2396 de
1757 2359 1798 2395 la

152 2418 385 2456 fraternite
406 2419 662 2456 universelle
687 2430 694 2455 :
720 2431 734 2453 «
760 2419 953 2456 Membra
974 2430 1120 2455 sumus
1142 2420 1326 2465 eorporis
1350 2420 1509 2464 magni.
1536 2421 1702 2456 Natura
1724 2429 1799 2454 nos

152 2481 348 2525 cognatos
369 2480 511 2524 edidit,
535 2489 634 2516 cum
656 2490 709 2515 ex
729 2478 866 2515 isdem
887 2481 930 2515 et
950 2478 994 2514 in
1017 2480 1167 2515 eadem
1189 2479 1394 2525 gigneret.
1421 2490 1436 2513 »
1457 2478 1557 2525 (Ep.
1583 2479 1700 2515 XCV
1723 2478 1796 2519 52;

153 2538 206 2574 cf.
238 2537 321 2575 Cic.
349 2541 410 2576 De
435 2540 533 2575 Fin.
559 2539 628 2575 III
649 2539 715 2582 19,
735 2538 788 2574 64
808 2539 852 2574 et
870 2538 908 2574 V
928 2538 995 2581 23,
1017 2538 1103 2583 65).
1127 2537 1447 2584 L'application
1469 2539 1521 2574 de
1541 2548 1586 2574 ce
1606 2537 1798 2582 principe

158 2597 183 2633 a
205 2596 251 2633 la
273 2597 485 2635 situation
508 2599 560 2634 de
583 2597 724 2634 l'exile
747 2607 790 2633 se
813 2599 1016 2633 retrouve
1041 2597 1226 2641 ailleurs,
1251 2607 1330 2642 par
1354 2597 1550 2643 exemple
1575 2597 1677 2632 chez
1702 2597 1796 2632 Mu-

159 2655 309 2693 sonius
349 2658 433 2703 (ed.
477 2659 636 2701 Hense,
675 2666 716 2702 p.
748 2656 833 2701 42),
863 2658 906 2692 et
934 2657 1035 2692 chez
1065 2656 1303 2702 Plutarque
1333 2656 1417 2701 (De
1448 2656 1561 2692 Exil.
1591 2656 1669 2691 601
1703 2654 1753 2699 F)
1785 2665 1793 2689 :

154 2733 168 2754 (ι
190 2724 317 2766 Πατρὶς
335 2724 371 2755 δὲ
403 2723 545 2764 γίγνεται
573 2724 662 2754 πᾶσα
681 2722 777 2758 πόλις
801 2719 896 2758 εὐθὺς
919 2719 1079 2762 ἀνθρώπῳ
1101 2721 1245 2762 χρῆσθαι
1266 2721 1468 2763 μεμαθηκότι
1497 2722 1549 2752 καὶ
1575 2720 1662 2761 ῥίζας
1684 2721 1797 2759 ἐχοντι

152 2786 331 2825 πανταχοῦ
359 2785 414 2822 ζῆν
439 2793 474 2813 τε
503 2782 555 2812 καὶ
586 2781 814 2822 τρέφεσθαι....
841 2780 1036 2820 δυναμένας.
1062 2787 1077 2808 »
1123 2776 1187 2811 De
1217 2775 1258 2810 la
1287 2774 1558 2821 philosophie
1589 2773 1713 2808 l’idt'ie
1741 2773 1793 2808 de

151 2837 195 2874 la
235 2837 465 2874 fraternite
506 2835 711 2871 humaine
745 2843 769 2869 a
809 2834 934 2878 passe
972 2834 1079 2868 dans
1122 2833 1181 2869 les
1223 2834 1358 2870 ecolcs
1402 2835 1453 2870 de
1489 2831 1794 2875 declamation‚

154 2897 209 2934 cf.
241 2897 436 2942 seneque
464 2895 501 2931 le
531 2894 649 2938 pere,
680 2894 817 2930 Contr.
853 2893 894 2928 II
924 2893 962 2935 1,
993 2893 1056 2928 10.
1090 2913 1144 2918 —
1203 2893 1310 2938 Quid
1338 2903 1463 2938 porro
1493 2903 1500 2927 :
1531 2890 1713 2927 formulc
1742 2891 1794 2926 de

153 2955 407 2999 transition,
431 2954 517 2991 litt.
546 2964 554 2989 :
581 2964 596 2986 <‹
619 2951 723 2998 qu'y
749 2951 862 2988 a-t—il
888 2950 1055 2988 ensuite
1084 2952 1103 2988 ⁶?
1128 2963 1142 2985 »
1167 2951 1429 3005 c’est-a-d'ire
1455 2962 1463 2986 :
1490 2962 1504 2983 «
1527 2949 1741 2986 d'ailleurs
1767 2961 1793 2984 ι).
