2195 3345
432 227 490 272 68
734 242 778 273 L.
814 243 978 275 ANNAEI
1011 243 1206 277 SENECAE
1238 245 1559 280 DIALoGORUM
1585 249 1679 280 Lm.
1710 250 1779 282 ΧΠ

430 361 534 404 illos
579 362 727 418 caligo
774 363 1022 412 mentium,
1070 368 1251 418 quanta
1297 364 1565 421 ignorantia
1610 367 1828 411 ueritatis
1871 373 2074 420 exercet,

431 445 575 488 quam
610 434 875 490 uoluptatis
909 446 1050 477 causa
1085 434 1371 479 imitantur!
1408 436 1481 479 Me
1517 437 1723 493 quidem,
1761 440 1980 496 quotiens
2013 441 2075 484 ad

429 503 628 560 antiqua
657 505 875 561 exempla
902 505 1101 562 respexi,
1131 507 1428 562 paupertatis
1455 508 1527 550 uti
1556 508 1740 552 solaciis
1768 510 1932 566 pudet,
1963 523 2078 568 quo-

430 575 559 617 niam
598 576 789 632 quidem
825 588 879 618 eo
918 580 1188 633 temporum
1226 577 1412 620 luxuria
1449 579 1670 636 prolapsa
1706 584 1794 631 est,
1832 585 1889 624 ut
1924 583 2077 626 maius

429 646 660 689 uiaticum
684 647 877 690 exulum
903 648 979 697 sit,
1007 660 1150 704 quam
1175 649 1287 692 olim
1312 649 1651 706 patrimonium
1677 652 1944 709 principum
1968 654 2076 696 fuit.

432 717 589 759 Vnum
618 717 761 761 fuisse
793 718 999 763 Homero
1031 733 1235 769 seruum,
1267 724 1362 764 tres
1394 721 1597 771 Platoni,
1623 723 1804 766 nullum
1836 724 2027 777 Zenoni,
2048 737 2075 767 a

509 863 549 894 Ν.
572 863 607 894 C.
632 881 667 886 —
692 864 769 895 XII
787 864 820 896 3.
850 865 938 898 Post
970 867 1131 899 ueritatis
1160 870 1198 899 et
1228 870 1316 899 ante
1346 870 1474 900 exercet
1504 868 1618 900 uerba
1648 872 1828 909 quattuor
1858 879 1865 901 ε
1897 871 2067 909 excaecat,

432 926 517 956 quos
542 917 647 948 timor
670 920 894 958 paupertatis
919 921 1038 960 suppl.
1068 921 1209 952 Vahlen
1230 931 1237 959 ;
1264 923 1397 962 quanta
1425 922 1630 961 ignorantia
1657 924 1817 955 ueritatis
1843 926 1983 963 exercet,
2009 925 2074 965 qui

431 971 579 1009 suffiunt
602 972 694 1011 quod
718 972 912 1013 uoluptatis
936 983 1064 1005 caussa
1090 975 1277 1006 imitantur
1299 975 1408 1014 scrip.
1435 975 1604 1015 Lipsius;
1645 975 1831 1016 Madvigio
1857 977 1994 1010 Seneca
2018 977 2073 1010 ita

432 1023 616 1063 scripsisse
633 1023 782 1057 uidetur
799 1035 807 1057 ε
826 1029 954 1058 exercet
970 1028 982 1058 !
1006 1028 1174 1068 Inopiam
1193 1029 1386 1068 uoluptatis
1404 1037 1513 1060 causa
1532 1029 1591 1060 im.
1611 1029 1701 1067 (uid.
1722 1029 1858 1062 Gertzii
1875 1030 1976 1062 Stud.
1995 1031 2074 1066 crit.

431 1085 492 1116 pp.
519 1077 700 1118 160-161).

435 1209 496 1244 De
524 1209 590 1245 Or.
621 1210 687 1245 III
711 1211 777 1253 56,
801 1211 882 1246 214
907 1222 916 1246 ;
942 1223 957 1245 «
980 1213 1122 1248 Genus
1148 1214 1229 1248 hoc
1252 1216 1399 1249 totum
1423 1217 1628 1257 oratoreS‚
1654 1215 1727 1260 qui
1751 1217 1853 1250 sunt
1879 1215 2067 1252 ueritatis

430 1268 563 1312 ipsius
597 1272 778 1314 actores,
812 1271 1094 1316 reliquerunt,
1128 1273 1371 1309 imitatores
1406 1276 1554 1309 autem
1589 1274 1791 1317 ueritatis,
1824 1274 2070 1318 histriones,

431 1332 757 1372 occupauerunt
781 1341 827 1373 »;
863 1331 964 1366 ibid.
999 1332 1065 1374 57,
1099 1332 1180 1367 215
1215 1343 1223 1367 ε
1260 1333 1348 1367 «In
1382 1333 1499 1368 omni
1532 1343 1575 1368 re
1607 1333 1744 1368 uincit
1776 1333 2070 1369 imitationem

432 1387 586 1424 ueritas
610 1400 624 1423 »
647 1400 656 1432 ;
679 1389 774 1425 Sen.
802 1390 882 1435 Ep.
908 1391 983 1426 XC
1003 1391 1056 1426 29
1080 1402 1088 1426 :
1113 1402 1127 1425 «
1149 1392 1186 1426 A
1207 1393 1457 1436 corporibus
1479 1402 1523 1427 se
1545 1393 1599 1427 ad
1620 1393 1908 1438 incorporalia
1927 1395 2069 1429 trans-

429 1448 532 1483 tulit
567 1449 867 1495 ueritatemque
900 1453 943 1486 et
976 1454 1234 1496 argumenta
1267 1452 1355 1487 eius
1389 1453 1456 1497 (z
1495 1452 1645 1497 animi)
1679 1453 1915 1488 excussit.»
1949 1452 2073 1488 Cette

429 1507 765 1552 interpretation
788 1509 840 1544 de
865 1510 1018 1545 ueritas
1041 1520 1148 1546 nous
1173 1511 1372 1555 dispense
1391 1511 1463 1546 des
1485 1511 1759 1556 adjonctions
1779 1511 1906 1547 faites
1922 1511 1976 1547 ici
1993 1520 2071 1556 par

430 1567 617 1602 certains
640 1571 821 1604 savants
844 1570 963 1615 (voy.
986 1570 1033 1605 N.
1063 1570 1123 1615 C.)
1148 1580 1256 1615 pour
1279 1571 1516 1614 completer
1537 1571 1579 1605 13
1602 1571 1757 1614 pensee
1780 1570 1832 1605 de
1856 1570 2066 1616 seneque,

431 1635 549 1662 assez
575 1627 715 1671 claim,
743 1637 811 1663 me
836 1630 1104 1673 semble-t-il‚
1131 1639 1209 1674 par
1235 1630 1473 1665 elle-meme
1500 1640 1508 1665 ε
1536 1630 1594 1664 les
1620 1630 1757 1665 riches
1783 1630 1936 1666 vivent
1961 1629 2073 1665 dans

428 1695 513 1721 une
558 1687 722 1722 crainte
763 1688 1028 1733 perpetuelle
1071 1689 1122 1725 de
1161 1690 1202 1724 la
1242 1689 1467 1733 pauvrete,
1503 1688 1688 1740 (semper
1719 1688 1884 1733 timent)
1906 1698 1921 1731 ;
1958 1688 2067 1725 mais

429 1748 544 1781 cette
569 1747 781 1790 pauvrete
804 1747 929 1793 qu’ils
954 1748 1125 1793 singent
1150 1748 1309 1793 parfois
1334 1742 1598 1794 (aliquando)
1621 1758 1700 1793 par
1720 1749 1873 1793 simple
1888 1748 2070 1784 distrac-

428 1806 522 1841 tion
547 1806 599 1841 de
624 1806 762 1842 blases
787 1807 1036 1852 (uoluptatis
1056 1809 1216 1853 eausa),
1239 1817 1405 1843 comme
1424 1808 1474 1843 ils
1496 1810 1595 1844 sont
1614 1808 1702 1843 loin
1724 1808 1822 1844 d'en
1843 1807 2067 1844 connaitre

428 1865 468 1899 13
501 1865 651 1901 realite
678 1866 940 1911 (iynorantia
973 1867 1178 1911 ueritatis)
1202 1868 1210 1903 1
1252 1867 1306 1902 Ils
1329 1867 1371 1902 13
1393 1867 1558 1903 croient
1577 1867 1775 1911 terrible;
1797 1867 1874 1902 elle
1894 1876 1948 1903 ne
1967 1867 2067 1903 l’est

430 1925 569 1968 point,
591 1935 758 1960 comme
778 1926 816 1961 16
837 1934 1004 1970 prouve
1026 1926 1256 1971 l’exemple
1279 1926 1529 1970 d'Homere,
1554 1927 1606 1962 de
1631 1927 1804 1970 Platon,
1830 1926 1882 1962 de
1908 1926 2066 1962 Zenon.

512 1985 549 2020 4.
581 2005 637 2009 -
694 1985 883 2031 Antiqua
900 1986 1093 2031 exempla
1113 1997 1121 2021 :
1140 1986 1200 2021 les
1219 1986 1435 2030 exemples
1453 1986 1557 2022 tire's
1576 1986 1628 2021 de
1644 1986 1855 2022 l'histoire
1870 1985 2068 2030 jouaient

428 2044 765 2081 naturellement
787 2055 845 2080 un
870 2045 1005 2090 grand
1029 2046 1116 2081 rele
1140 2046 1247 2080 dans
1271 2046 1313 2081 13
1353 2045 1642 2081 declamation
1667 2047 1710 2080 et
1732 2045 1774 2080 la
1796 2044 2068 2090 philosophie

429 2104 664 2148 populaire.
695 2105 804 2150 Voy.
838 2105 993 2140 Introd.
1033 2106 1052 2149 §
1078 2105 1145 2140 34.
1177 2105 1353 2140 Ciceron
1381 2105 1605 2150 critiquait
1633 2104 1732 2149 deja
1761 2107 1829 2140 cet
1858 2105 1965 2139 abus
1993 2104 2067 2139 des

428 2164 643 2208 exemples
671 2164 931 2209 historiques
962 2175 970 2200 :
1000 2165 1094 2199 «Ne
1120 2172 1289 2209 semper
1316 2164 1462 2200 Curios
1491 2166 1533 2199 et
1561 2164 1767 2199 Luscinos
1793 2164 2037 2210 loquamur.
2056 2175 2070 2196 »

428 2223 602 2267 (Parad.
634 2223 695 2258 VI
725 2223 764 2267 3,
795 2224 882 2269 50.)
913 2224 1059 2268 Quant
1089 2224 1113 2259 a
1142 2224 1439 2259 l'admiration
1469 2224 1520 2258 (16
1551 2223 1745 2268 Seneque
1774 2232 1884 2268 pour
1911 2223 1950 2258 le
1979 2223 2065 2258 bon

429 2282 560 2317 vieux
573 2285 730 2327 temps,
746 2292 846 2328 voy.
863 2283 905 2318 la
919 2286 1022 2319 note
1037 2293 1110 2318 sur
1126 2283 1234 2318 uitia
1249 2285 1390 2318 nostra
1405 2283 1467 2328 (X
1483 2283 1539 2327 7).
1556 2303 1611 2307 —-
1628 2282 1809 2327 Respexi
1824 2292 1832 2317 :
1850 2282 1904 2317 cf.
1921 2281 2009 2317 VII
2025 2281 2062 2317 7.

427 2361 481 2364 —
540 2342 725 2377 Luxuria
754 2353 761 2377 :
801 2343 853 2378 cf.
898 2342 962 2377 IX
1003 2343 1028 2378 2
1064 2345 1106 2378 et
1140 2343 1179 2378 le
1215 2342 1537 2378 commentaire.
1570 2362 1626 2366 —
1684 2342 1822 2377 Maius
1857 2341 2067 2377 uiaticum

427 2401 602 2435 exulum
627 2412 635 2436 :
660 2401 774 2437 voila
798 2402 872 2447 qui
895 2411 1075 2446 prouve,
1100 2403 1240 2437 meme
1264 2411 1316 2437 en
1339 2402 1502 2437 faisant
1524 2401 1565 2436 13
1589 2404 1688 2445 part
1713 2401 1765 2436 de
1787 2401 1829 2436 la
1853 2400 2068 2436 declama-

427 2460 535 2503 tion‚
549 2469 631 2505 que
646 2461 687 2495 13
702 2461 913 2497 situation
927 2461 1000 2496 des
1017 2461 1160 2505 exiles,
1175 2461 1278 2497 celle
1295 2461 1346 2496 de
1361 2461 1555 2506 Seneque
1571 2470 1622 2496 en
1635 2460 1899 2505 particulier,
1912 2458 2068 2495 n’etait

428 2527 505 2562 pas
533 2519 567 2554 si
594 2520 820 2555 miserable
848 2520 981 2565 qu’on
1008 2520 1140 2555 serait
1168 2520 1291 2555 tente
1319 2521 1536 2564 peut-etre
1565 2519 1617 2554 de
1644 2527 1688 2555 se
1714 2520 1757 2555 la
1782 2519 2065 2564 representer.

429 2579 536 2624 Voy.
569 2579 725 2614 Introd.
753 2588 794 2623 p.
826 2579 994 2615 XVIII.
1027 2600 1083 2604 —
1130 2580 1295 2615 Vnum:
1324 2580 1432 2614 dans
1459 2588 1543 2614 une
1569 2579 1728 2614 societe
1754 2578 1932 2623 remplie
1958 2577 2067 2613 d’es-

427 2637 569 2673 claves
594 2648 761 2674 comme
785 2639 886 2674 celle
912 2639 964 2674 de
987 2639 1187 2684 l'epoque
1212 2639 1265 2674 de
1290 2639 1498 2684 Seneque,
1525 2638 1623 2673 n'en
1649 2638 1770 2673 avoir
1794 2637 1930 2683 qu'un
1955 2636 2064 2672 etait

425 2706 669 2743 synonyme
708 2698 760 2733 de
798 2699 840 2733 la
878 2699 973 2743 plus
1014 2698 1177 2743 grande
1216 2698 1462 2742 simplicite,
1502 2698 1621 2733 voire
1662 2697 1714 2732 de
1753 2696 1977 2742 pauvrete.
2009 2715 2065 2720 —

427 2757 595 2792 Platoni
626 2767 634 2792 ε
665 2757 834 2802 d’apres
867 2758 1058 2802 Diogene
1088 2758 1261 2801 Laerce,
1290 2758 1319 2792 il
1351 2758 1471 2792 avait
1502 2759 1657 2802 quatre
1688 2757 1876 2792 esclaves
1906 2757 1951 2791 et
1979 2764 2063 2790 une

428 2819 643 2859 servante,
677 2826 843 2851 comme
873 2826 924 2851 en
955 2817 1036 2852 fait
1059 2816 1119 2852 foi
1142 2826 1220 2851 son
1243 2819 1512 2853 testament:
1539 2827 1554 2849 «
1572 2820 1716 2862 Ἄρτεμιν
1731 2819 1846 2861 ἀφίημι
1873 2819 2064 2861 ἐλευθέραν·

427 2880 552 2919 οἰκέτας
584 2881 767 2912 καταλείπω
798 2880 949 2922 Τὺχωνα,
980 2879 1117 2919 Βίκταν,
1149 2880 1428 2919 Ἀπολλωνιάὸην,
1463 2879 1656 2911 Διονὺσιου.
1683 2886 1697 2908 >>
1730 2874 1874 2919 (Diog.
1908 2874 2065 2909 Lassrce

433 2935 500 2970 III
523 2935 607 2980 42).
639 2956 694 2960 —
722 2936 904 2971 Zenoni:
931 2935 1074 2970 Zenon
1097 2935 1299 2980 (336-264
1323 2936 1502 2970 environ
1527 2944 1595 2969 av.
1619 2933 1763 2979 .J.-C.),
1779 2933 1832 2969 ne‘
1848 2933 1873 2968 a
1888 2932 2063 2975 Citium,

429 3004 480 3029 en
517 2994 698 3040 Chypre.
737 2995 821 3030 Fils
857 2995 961 3029 d'un
996 2996 1305 3039 commeream,
1340 2994 1368 3029 il
1404 3002 1555 3037 exerca
1590 2993 1807 3037 peut-etre
1840 2992 2063 3028 lui-meme
