2154 3377
446 177 510 208 AD
544 176 763 208 HELVIAM
799 174 999 207 MATREM
1035 174 1098 206 DE
1129 174 1510 206 CONSOLATIONE.
1549 175 1616 205 1-11
1815 163 1843 206 5

203 306 311 338 cum
328 306 382 337 eo
403 305 694 341 concurram.
713 293 854 336 adero
873 293 1002 349 prius
1020 292 1082 334 illi
1101 296 1151 334 et
1169 292 1340 348 quibus
1357 291 1591 334 excitetur
1609 292 1816 346 ingeram
1837 306 1849 341 ;

201 365 364 408 omnia
394 365 628 421 proferam
657 367 707 407 et
734 363 1013 410 rescindam,
1044 375 1163 418 quae
1193 363 1286 405 iam
1315 362 1524 404 obducta
1553 365 1681 403 sunt.
1713 361 1850 404 Dicet

200 435 372 492 aliquis
415 451 423 478 :
467 450 484 477 «
508 436 642 490 Quod
685 435 771 477 hoc
808 446 955 489 genus
991 438 1065 477 est
1103 433 1391 482 consolandi,
1431 433 1684 475 obliterata
1726 432 1845 474 mala

199 519 418 550 reuocare
437 510 487 549 et
503 506 715 549 animum
734 506 781 547 in
799 505 1011 547 omnium
1029 518 1362 548 aerumnarum
1382 516 1573 547 suarum
1592 505 1848 558 conspectu

196 577 442 621 conlocare
469 577 554 620 uix
576 576 716 619 unius
744 576 1003 632 patientem
1033 576 1056 618 ἱ)
1081 590 1098 617 »
1124 576 1211 619 Sed
1239 576 1276 618 is
1302 575 1493 631 cogitet,
1523 585 1846 630 quaecumque

195 660 344 706 usque
378 661 431 691 eo
467 647 727 704 perniciosa
761 651 887 695 sunt,
923 651 978 690 ut
1011 650 1176 690 contra
1211 647 1469 689 remedium
1503 643 1846 689 conualuerint·

197 719 474 776 plerumque
515 719 763 762 contrariis
803 719 971 762 curari.
1014 718 1178 762 Omnis
1219 717 1380 774 itaque
1422 717 1577 760 luctus
1616 715 1681 758 illi
1722 724 1846 758 suos·

196 790 357 833 omnia
382 790 597 846 lugubria
621 790 886 833 admonebo
915 804 924 832 ;
950 790 1037 832 hoc
1060 789 1151 832 erit
1175 801 1268 830 non
1294 788 1420 831 molli
1446 788 1523 830 uia
1548 787 1738 836 mederi,
1764 787 1843 828 sed

195 874 326 905 urere
367 873 424 904 ac
465 874 637 904 secare.
683 861 804 916 Quid
848 872 1108 916 consequar
1135 860 1159 902 ⁶?
1199 864 1255 902 ut
1296 859 1477 915 pudeat
1516 859 1727 901 animum
1771 861 1846 900 tot

273 1009 314 1040 N.
336 1009 372 1040 C.
400 1027 432 1030 —
464 1010 496 1040 11
516 1010 547 1040 2.
578 1008 674 1040 omni
693 1010 724 1039 Α
745 1018 751 1041 ;
769 1009 884 1039 omnis
901 1008 974 1039 duo
994 1008 1024 1038 D
1040 1008 1175 1043 (omnes
1191 1012 1278 1046 ug).
1305 1024 1336 1028 -—
1357 1007 1552 1038 admonebo
1570 1008 1598 1036 Α
1620 1017 1627 1038 ;
1651 1006 1845 1037 admonebo

198 1069 257 1102 ug.

201 1194 237 1229 V
267 1194 323 1238 4).
356 1214 409 1218 —
468 1194 608 1229 Adero
640 1203 648 1227 :
682 1204 696 1225 a
720 1193 891 1228 Tuebor
920 1195 963 1228 et
994 1191 1242 1234 defendam,
1275 1201 1451 1227 eausam
1482 1200 1609 1236 agam
1633 1205 1648 1225 »
1677 1192 1839 1237 (Juste-

196 1252 355 1298 Lipse).
388 1273 443 1278 -—
501 1252 693 1288 obducta
721 1262 728 1287 :
757 1262 771 1285 «
793 1251 990 1287 cicatrise
1014 1263 1041 1287 ›>.
1068 1251 1263 1296 seneque
1288 1260 1331 1287 se
1356 1260 1541 1296 propose
1566 1251 1618 1286 de
1642 1251 1840 1296 rappeler

202 1312 228 1348 a
249 1321 297 1348 sa
319 1311 451 1355 mere,
475 1320 642 1347 comme
665 1310 693 1346 il
715 1311 753 1346 le
776 1310 857 1347 fait
881 1310 994 1346 aussi
1017 1320 1126 1356 pour
1150 1310 1311 1347 Marcia
1334 1311 1426 1355 (Ad
1451 1311 1585 1346 Marc.
1616 1311 1632 1346 Ι
1656 1311 1714 1355 5),
1738 1312 1837 1346 tous

193 1370 253 1407 les
277 1370 476 1417 chagrins
501 1369 657 1416 qu’elle
681 1372 746 1406 est
769 1370 871 1415 deja
894 1379 1116 1415 parvenue
1139 1370 1163 1405 a
1186 1372 1448 1405 surmonter.
1478 1369 1511 1405 Il
1534 1372 1705 1405 montre
1728 1369 1838 1405 ainsi

195 1431 221 1466 a
239 1429 443 1476 l’afssigee
462 1429 505 1465 la
524 1429 766 1474 possibilite
786 1430 839 1465 de
858 1429 1033 1465 vaincre
1052 1429 1094 1464 la
1114 1429 1314 1465 nouvelle
1336 1429 1517 1465 douleur
1537 1428 1611 1475 qui
1631 1429 1838 1465 l'accable

198 1490 263 1535 (ui
292 1490 460 1535 pudeat,
491 1492 590 1532 etc„
632 1491 651 1534 ξ
681 1489 739 1533 2),
770 1491 814 1525 et
844 1489 1026 1524 cherche
1057 1489 1081 1524 a
1111 1488 1171 1523 lui
1204 1489 1369 1524 donner
1401 1488 1625 1524 confiance
1657 1499 1709 1524 en
1740 1489 1836 1525 elle-

191 1550 333 1583 memc
355 1559 407 1581 en
429 1548 489 1581 lui
511 1548 658 1584 disant
680 1547 890 1592 l’opinion
911 1548 1018 1594 qu'il
1040 1558 1064 1583 a
1087 1549 1139 1584 de
1160 1557 1208 1583 sa
1230 1548 1346 1583 force
1370 1547 1531 1584 morale
1552 1548 1684 1593 (Vide
1704 1559 1835 1594 quan-

187 1607 322 1641 tum...
355 1605 636 1650 promiserim,
677 1607 697 1651 ξ
730 1607 785 1650 1).
834 1607 895 1643 Cf.
935 1608 1002 1644 Ad
1036 1609 1170 1644 Mare.
1209 1608 1225 1642 I
1259 1608 1282 1643 5
1317 1618 1324 1642 :
1372 1618 1386 1641 α
1412 1607 1667 1652 Magnitudo
1699 1609 1835 1643 animi

188 1664 266 1708 tui,
297 1666 380 1700 etc.
406 1675 432 1699 ι.
467 1665 543 1701 Ces
576 1669 829 1711 arguments
861 1666 1221 1712 psychologiques
1253 1669 1295 1702 et
1329 1676 1513 1702 moraux
1543 1676 1596 1702 ne
1626 1670 1726 1703 sont
1756 1677 1832 1712 pas

187 1733 303 1760 rares
327 1724 430 1760 chez
454 1724 666 1770 seneque,
692 1725 780 1770 qui,
805 1735 915 1770 pour
937 1726 1092 1762 traiter
1114 1736 1174 1762 un
1198 1735 1268 1762 cas
1293 1725 1558 1771 particulier,
1583 1736 1636 1761 ne
1658 1736 1702 1762 se
1734 1736 1833 1762 con-

185 1785 309 1820 tente
332 1792 410 1828 pas
438 1783 490 1819 de
514 1783 862 1821 raisonnements
889 1785 1107 1830 generaux
1133 1788 1175 1822 et
1202 1785 1425 1822 abstraits.
1454 1786 1562 1831 Voy.
1590 1795 1692 1821 mon
1717 1795 1832 1822 com-

192 1843 404 1880 mentaire
430 1854 484 1879 au
511 1845 637 1889 chap.
666 1845 773 1880 XVI
801 1845 838 1880 1.

273 1903 312 1939 2.
344 1924 400 1929 —
430 1903 471 1939 Is
494 1904 670 1940 renvoie
695 1905 718 1940 a
743 1904 899 1949 aliquis
923 1905 976 1940 de
1000 1904 1041 1940 la
1065 1906 1221 1949 phrase
1245 1905 1517 1949 precedente.
1551 1925 1605 1929 ——
1666 1906 1831 1942 Conna..

185 1962 343 1999 luerint
377 1973 386 1998 :
421 1972 509 1998 non
542 1972 620 2008 pas
658 1975 673 1997 «
695 1973 739 1999 se
774 1962 955 1999 retablir
978 1976 1006 2007 »,
1042 1973 1211 2000 comme
1246 1973 1300 1999 au
1336 1964 1461 2008 chap.
1499 1964 1613 2000 XIX
1647 1964 1686 2007 2,
1721 1965 1829 2000 mais

185 2033 201 2056 ι
223 2021 401 2058 devenir
435 2022 523 2058 fort
547 2034 575 2066 »,
610 2022 666 2058 ici
703 2034 718 2056 «
744 2023 928 2067 empirer
950 2034 979 2066 »‚
1016 2022 1070 2058 cf.
1111 2023 1192 2069 Ep.
1234 2024 1276 2059 II
1312 2024 1368 2059 3:
1407 2023 1543 2059 «Non
1579 2025 1829 2060 conualescit

185 2081 340 2126 planta
370 2091 482 2128 quae
513 2091 642 2127 saepe
674 2083 953 2118 transfertur.
979 2094 994 2116 »
1036 2103 1091 2107 ——
1150 2083 1299 2129 ltaque
1334 2094 1341 2117 ;
1388 2083 1491 2119 chez
1524 2082 1700 2120 Ciceron
1730 2086 1827 2120 tou-

178 2140 301 2185 jours
325 2150 380 2176 au
403 2144 779 2177 commencement
802 2142 854 2177 de
876 2141 919 2177 la
941 2142 1113 2186 phrase,
1138 2142 1240 2178 chez
1284 2142 1508 2178 Tite-Live
1551 2142 1623 2187 (cf.
1653 2143 1695 2178 II
1719 2143 1758 2186 6,
1784 2144 1826 2188 8)

183 2209 302 2236 assez
331 2203 519 2237 souvent
550 2201 673 2245 apres
704 2201 742 2236 le
772 2200 958 2246 premier
988 2204 1094 2237 mot.
1128 2202 1323 2247 Seneque
1353 2201 1441 2238 suit
1471 2202 1632 2247 parfois
1663 2202 1826 2249 l'usage

181 2258 422 2296 ciceronien
445 2260 537 2305 (Ad
559 2261 653 2297 Hel.
683 2261 700 2296 I
725 2261 763 2303 1,
792 2261 833 2296 II
859 2261 896 2303 1,
922 2261 1054 2297 XVII
1077 2262 1124 2306 33
1151 2263 1212 2297 De
1237 2261 1410 2297 Prouid.
1436 2262 1498 2297 VI
1520 2262 1578 2307 4),
1603 2262 1711 2298 mais
1734 2263 1822 2298 s’en

182 2318 327 2355 ecarte
360 2318 399 2355 le
434 2318 530 2364 plus
566 2322 754 2356 souvent
791 2330 843 2355 en
879 2320 1042 2357 faisant
1078 2321 1281 2365 preceder
1319 2321 1454 2367 itaque
1489 2321 1594 2357 d'un
1631 2331 1686 2357 ou
1709 2322 1823 2358 deux

181 2380 298 2414 mots
317 2378 402 2423 (De
425 2379 498 2415 Ira
522 2379 653 2423 1125,
675 2380 698 2415 4
723 2391 733 2422 ;
759 2381 820 2416 De
845 2380 916 2415 Bt.
952 2380 1031 2417 Vit.
1059 2381 1101 2416 ΙΙ
1123 2381 1146 2416 5
1170 2391 1180 2424 ;
1206 2382 1268 2418 De
1292 2381 1395 2417 Ben.
1422 2381 1500 2424 13,
1523 2381 1561 2424 5,
1594 2382 1653 2417 IV
1673 2381 1740 2423 28,
1762 2382 1786 2418 6
1811 2394 1820 2424 ;

184 2437 266 2483 Ep.
291 2437 389 2474 LVI
412 2439 495 2484 10).
527 2460 582 2464 —
637 2440 766 2475 Vtere
787 2449 838 2476 ae
858 2449 1004 2476 secare
1027 2450 1036 2474 :
1060 2442 1185 2476 outre
1206 2440 1265 2476 les
1288 2439 1453 2476 raisons
1475 2440 1700 2486 indiquees
1723 2441 1820 2486 plus

180 2496 268 2533 loin
303 2497 367 2542 (ut
400 2498 568 2543 pudeat,
604 2499 722 2543 etc.)‚
759 2497 948 2534 l’auteur
982 2509 1036 2535 en
1071 2509 1097 2534 a
1132 2499 1324 2535 d'autres
1360 2509 1471 2544 pour
1506 2500 1727 2546 employer
1760 2500 1819 2536 les

179 2555 374 2592 remedes
397 2555 583 2593 violents
609 2568 618 2593 :
643 2557 750 2594 c’est
773 2557 880 2603 qu'il
902 2558 999 2595 faut
1023 2558 1113 2604 agir
1136 2568 1243 2595 avec
1266 2559 1457 2595 douceur
1479 2562 1628 2596 contre
1650 2570 1709 2595 un
1733 2560 1818 2595 mal

180 2615 207 2652 a
228 2624 294 2651 ses
321 2615 494 2659 debuts,
520 2615 627 2652 mais
653 2627 760 2654 avec
784 2616 966 2662 vigueur
989 2618 1139 2664 quand
1162 2617 1192 2653 il
1216 2628 1394 2655 menace
1419 2619 1472 2655 de
1496 2618 1674 2656 devenir
1697 2620 1818 2655 chro-

179 2673 311 2721 nique
331 2684 339 2710 :
361 2685 377 2708 e
409 2675 696 2712 Vehementius
713 2678 857 2713 eontra
876 2677 1107 2714 inueterata
1125 2679 1411 2723 pugnandum
1430 2680 1509 2715 est.
1535 2691 1550 2713 »
1568 2678 1660 2724 (Ad
1681 2679 1814 2715 Marc.

184 2734 203 2770 1
220 2733 279 2779 8.)
298 2733 418 2770 Nous
436 2743 604 2780 voyons
623 2735 819 2782 seneque
838 2738 996 2773 mettre
1013 2736 1067 2772 ici
1086 2747 1138 2773 en
1156 2737 1360 2783 pratique
1377 2737 1415 2774 le
1434 2739 1636 2783 precepte
1654 2737 1816 2783 signale

178 2792 275 2838 plus
294 2793 405 2830 haut
424 2793 532 2829 dans
550 2793 590 2830 le
608 2795 920 2832 commentaire
939 2796 980 2841 (Ι
999 2796 1024 2832 2
1044 2798 1088 2832 et
1111 2797 1154 2832 II
1175 2797 1231 2842 1),
1253 2797 1484 2842 d'adapter
1502 2797 1540 2834 le
1559 2797 1811 2834 traitement

179 2852 205 2888 a
235 2852 404 2898 chaque
435 2862 506 2889 cas
538 2853 800 2898 particulier.
837 2854 1080 2899 D'ailleurs‚
1113 2858 1157 2892 et
1189 2856 1320 2893 d'une
1351 2856 1480 2902 faeon
1511 2855 1722 2902 generale,
1754 2855 1814 2892 les

176 2910 380 2948 stoiciens
413 2911 578 2949 etaient
611 2913 827 2958 partisans
861 2914 991 2950 d’une
1024 2926 1040 2949 ιι
1061 2915 1272 2961 chirurgie
1296 2928 1311 2949 ι»
1343 2915 1505 2952 morale
1538 2915 1767 2961 energique
1801 2924 1812 2950 :
