2154 3377
352 201 415 232 AD
451 200 671 232 HELVIAM
706 198 911 231 MATREM
949 198 1011 229 DF.
1043 197 1426 236 CONSOLA'HONE,
1455 198 1553 229 XVII
1698 184 1756 229 93

112 320 371 368 fortunam,
399 319 479 362 sed
507 317 838 375 proferendum
866 331 877 366 ;
910 319 1104 372 propter
1129 316 1260 363 istas,
1299 328 1418 371 quae
1457 315 1626 358 litteris
1663 330 1756 359 non

110 390 171 433 ad
199 390 481 447 sapientiam
499 392 703 432 utuntur
728 387 807 430 sed
835 387 895 430 ad
922 386 1156 430 luxuriam
1187 387 1501 435 instruuntur,
1529 387 1684 430 minus
1710 392 1756 430 to,

110 460 349 517 indulgere
382 460 554 504 studiis
585 471 751 516 passus
783 462 872 501 est.
904 457 1141 501 Beneficio
1176 461 1337 500 tamen
1370 457 1554 514 rapacis
1587 458 1756 513 ingenii

113 531 219 588 plus
257 544 400 588 quam
440 544 523 589 pro
563 534 774 586 tempore
816 529 1051 579 hausisti;
1090 529 1214 571 iacta
1254 532 1368 571 sunt
1404 529 1757 585 disciplinarum

108 602 322 645 omnium
343 602 655 645 fundamenta
681 615 690 643 :
713 613 838 643 nuno
864 600 923 643 ad
957 600 1060 642 illas
1081 603 1312 643 reuertere
1339 614 1349 650 ;
1377 603 1534 642 tutam
1556 603 1602 642 te
1625 613 1757 656 prae-

108 673 324 717 stabunt.
355 673 464 716 Illae.
502 671 888 720 consolabuntur,
913 671 1018 714 illae
1055 670 1378 720 delectabunt,
1415 671 1520 713 illae
1558 671 1594 713 si
1631 671 1754 714 hona

192 808 234 840 Ν.
256 808 292 840 C.
317 826 351 831 —
377 808 488 840 XVII
507 809 539 840 4.
567 809 711 848 rapacis
729 809 760 839 A
781 817 789 845 ;
806 808 950 848 capacis
967 807 1074 847 scrip.
1094 806 1280 838 Schultess
1296 806 1377 838 coll.
1397 807 1455 838 Ad
1473 807 1596 846 Polyb.
1616 807 1686 838 XV
1704 807 1724 839 3
1742 818 1750 845 ;

120 858 343 899 scripturam
357 859 504 893 codicis.
520 859 600 890 coll.
617 859 686 899 Ep.
705 858 803 890 XCV
819 857 874 896 36,
891 866 975 889 cum
991 857 1126 889 Herme
1141 859 1261 888 teneo.

118 968 186 1023 (⁸=
217 977 353 1014 c’etait
378 980 454 1014 ton
484 977 632 1014 devoir
655 978 701 1023 »).
733 997 788 1002 -—
846 977 1013 1013 Litteris
1040 980 1222 1012 utuntur
1251 987 1258 1012 :
1287 977 1316 1012 il
1343 976 1471 1022 s'agit
1499 977 1754 1022 d’ouvrages

117 1037 471 1083 philosophiques
503 1037 576 1082 (ad
606 1037 893 1082 sapientiam).
930 1036 1039 1081 Deja
1072 1036 1096 1072 a
1127 1036 1328 1081 l’epoque
1360 1036 1412 1071 de
1446 1036 1636 1080 Cice-ron,
1669 1046 1756 1072 881·-

115 1097 258 1133 taines
282 1097 462 1133 femmes
486 1096 551 1142 s'y
573 1096 892 1139 interessaient‚
916 1105 995 1141 par
1018 1105 1083 1131 ex.
1109 1097 1224 1131 cette
1250 1095 1454 1131 Caerellia
1477 1096 1551 1142 qui
1574 1105 1627 1131 ne
1650 1105 1756 1141 pou-

118 1156 212 1192 vait
237 1156 439 1192 attendre
462 1155 742 1200 l’apparition
768 1155 826 1190 du
856 1157 917 1191 De
946 1154 1130 1190 Finibus
1154 1164 1264 1200 pour
1286 1155 1325 1190 18
1348 1155 1424 1190 lire
1447 1164 1456 1189 ε
1487 1155 1564 1190 8118
1588 1155 1755 1192 voulait

120 1225 172 1251 en
197 1216 318 1252 avoir
340 1216 382 1251 13
404 1215 595 1260 primeur
617 1214 720 1259 (Cic.
751 1214 819 1249 Ad
846 1215 929 1250 Au.
955 1214 1072 1250 XIII
1096 1214 1163 1258 21,
1188 1214 1231 1259 5)
1255 1225 1264 1257 ;
1289 1223 1367 1258 par
1391 1224 1456 1250 ex,
1481 1224 1633 1250 encore
1657 1215 1755 1251 Cor-

121 1275 248 1318 nelia,
269 1275 427 1311 femme
447 1274 499 1310 de
521 1274 722 1318 Pompe'e‚
743 1274 818 1319 qUi
846 1285 860 1306 «
880 1279 986 1320 λόγων
1018 1279 1202 1320 φιλοσόφων
1235 1279 1357 1310 εἴθιστο
1390 1279 1556 1321 χρησίμως
1589 1279 1720 1312 ὰκοὺειν
1739 1286 1753 1307 ›>

121 1334 394 1380 (Plutarque,
437 1334 584 1379 Pomp.
629 1333 754 1378 LV);
796 1334 849 1368 cf.
887 1343 1039 1368 encore
1084 1333 1152 1369 Ad
1194 1334 1328 1369 Marc.
1367 1333 1424 1369 IV
1463 1333 1500 1369 2.
1539 1334 1646 1369 Mais
1687 1342 1754 1370 885

122 1393 363 1430 femmes-la
404 1393 567 1429 etaient
604 1392 677 1428 des
717 1392 981 1437 exceptionS.
1020 1393 1081 1428 La
1116 1393 1293 1438 plupart
1323 1393 1396 1428 des
1435 1393 1668 1429 Romaines
1702 1403 1755 1429 ne

121 1453 461 1489 s’interessaient
501 1452 628 1497 gnere
669 1452 693 1487 3
732 1452 774 1487 13
812 1452 1097 1497 philosophie,
1131 1453 1240 1488 mais
1279 1462 1358 1497 par
1396 1455 1545 1489 contre
1582 1461 1627 1488 se
1659 1462 1756 1498 por—

118 1512 259 1548 taient
293 1521 399 1548 avec
432 1512 588 1547 ardeur
620 1520 716 1547 vers
750 1511 809 1547 les
852 1512 987 1547 8111185
1031 1512 1276 1555 orientaux‚
1319 1512 1393 1558 qui
1433 1513 1756 1549 envahissaient

122 1571 260 1607 Rome
282 1571 306 1607 a
327 1573 442 1607 cette
467 1571 647 1616 epoque.
679 1591 734 1596 —
791 1571 856 1607 Ad
879 1571 1094 1607 luxuriam
1117 1582 1126 1606 ε
1162 1571 1276 1607 deux
1309 1572 1622 1617 significations
1656 1575 1756 1608 sont

124 1631 332 1676 possibles
368 1641 376 1666 :
411 1640 465 1666 ou
500 1630 598 1666 bien
631 1631 803 1666 luxuria
836 1633 900 1666 est
933 1631 1019 1675 pris
1053 1631 1160 1666 dans
1192 1631 1230 1666 18
1263 1640 1358 1666 58115
1392 1632 1443 1666 de
1483 1643 1498 1665 «
1518 1631 1632 1675 luxe,
1665 1641 1755 1666 ma-

121 1690 359 1736 gnificence
382 1702 410 1733 »‚
450 1692 494 1726 et
531 1690 561 1725 il
599 1690 727 1735 s’agit
764 1690 816 1725 de
852 1699 1093 1735 parvenues
1130 1700 1173 1725 se
1207 1693 1443 1735 procurant
1476 1691 1528 1726 de
1556 1691 1684 1726 belles
1713 1694 1755 1727 81

117 1749 344 1785 cofiteuses
380 1749 698 1795 bibliotheques
734 1749 841 1784 dans
876 1749 914 1784 18
948 1749 1039 1785 58111
1073 1750 1154 1786 but
1189 1750 1370 1786 d'etaler
1403 1750 1515 1786 leurs
1550 1750 1754 1786 richesses

119 1809 193 1854 (cf.
229 1809 291 1845 De
330 1809 479 1854 Tranq.
517 1809 599 1844 An.
636 1808 700 1844 IX
731 1808 788 1854 5),
820 1818 875 1843 ou
907 1809 1005 1844 bien
1036 1809 1208 1844 luxuria
1237 1809 1406 1855 signifie
1438 1820 1446 1845 :
1479 1821 1494 1844 «
1515 1810 1583 1845 vie
1613 1810 1755 1854 molle,

117 1868 351 1904 sensualite
375 1880 403 1911 »,
430 1870 473 1903 et
498 1868 527 1903 il
553 1868 650 1903 faut
675 1878 702 1914 y
728 1868 823 1904 voir
847 1877 932 1903 11118
959 1868 1142 1904 allusion
1169 1869 1193 1904 3
1219 1877 1286 1905 885
1313 1869 1585 1915 hysteriques
1613 1869 1686 1915 qui
1711 1878 1755 1905 se

120 1927 374 1963 couvraient
402 1927 460 1962 du
486 1930 693 1963 manteau
720 1927 773 1963 de
797 1927 840 1963 la
865 1927 1136 1972 philosophie
1162 1937 1272 1973 pour
1298 1929 1450 1964 attirer
1474 1929 1534 1964 les
1560 1929 1754 1965 hommes

122 1987 320 2030 cultives,
346 1987 446 2023 telle
472 1987 514 2022 13
550 1989 834 2032 repoussante
866 1987 1007 2023 vieille
1042 1987 1259 2023 d’Horace
1285 1988 1441 2034 (Epod.
1469 1988 1581 2024 VIII
1614 1988 1754 2033 15-16,

121 2046 175 2082 cf.
202 2046 376 2082 Martial
396 2045 462 2081 XI
488 2046 573 2091 19),
599 2048 642 2082 81
665 2046 704 2081 18
729 2046 805 2082 bas
829 2046 926 2082 bleu
952 2047 1004 2082 de
1026 2047 1215 2083 Juvenal
1239 2047 1346 2083 dans
1371 2057 1418 2083 53
1446 2048 1582 2084 Salire
1606 2048 1681 2084 VI.
1701 2069 1755 2073 —

124 2105 341 2142 Beneficio
382 2116 390 2140 ε
432 2105 591 2150 «grace
631 2105 655 2141 3
678 2117 706 2149 »,
745 2114 789 2141 58
827 2106 892 2142 dit
930 2109 1210 2151 proprement
1248 2107 1321 2142 des
1360 2115 1607 2152 personneS‚
1646 2108 1754 2143 mais

121 2165 317 2210 seneque
339 2165 577 2210 l'applique
601 2165 716 2200 aussi
741 2165 764 2200 a
789 2165 862 2201 des
887 2165 1051 2210 choses,
1076 2166 1130 2202 cf.
1160 2166 1228 2202 Ad
1254 2167 1388 2203 Marc.
1416 2166 1504 2202 XX
1528 2167 1552 2203 3
1579 2177 1587 2202 :
1618 2167 1755 2213 (bene—

117 2224 218 2270 ficio
242 2224 404 2269 mortis)
431 2226 473 2260 et
501 2224 582 2270 Ep.
611 2224 758 2260 CXIX
785 2225 808 2260 5
834 2225 1080 2270 (patientiae
1107 2226 1387 2271 ...beneficio).
1419 2247 1474 2251 —
1535 2227 1717 2272 Rapacis
1744 2237 1752 2262 :

118 2294 133 2317 (ι
155 2283 230 2329 qui
250 2283 372 2319 saisit
392 2283 641 2319 facilement
664 2295 692 2328 »,
715 2284 768 2319 cf.
795 2284 876 2330 Ep.
901 2284 1018 2320 XCV
1039 2285 1091 2320 36
1116 2296 1124 2320 ε
1148 2296 1163 2319 «
1185 2285 1305 2321 Felix
1320 2279 1407 2321 'illis
1428 2286 1649 2331 ingenium
1669 2286 1753 2322 fuit

120 2345 164 2378 et
193 2342 403 2378 salutaria
430 2342 474 2378 in
504 2343 695 2379 transitu
723 2344 912 2389 rapuit...
947 2344 1133 2388 Quidam
1164 2355 1217 2380 ex
1246 2332 1538 2381 hominibus...
1570 2346 1754 2381 honesta

121 2402 325 2448 complexi
345 2404 456 2446 sunt,
479 2411 577 2437 cum
598 2403 787 2447 primum
811 2403 984 2439 audiere
1005 2404 1139 2449 (unde
1159 2405 1245 2440 ista
1265 2406 1358 2440 tam
1380 2405 1556 2450 rapacia
1575 2405 1752 2441 uirtutis

119 2460 357 2506 ingenia...)
381 2473 396 2495 »
425 2481 480 2486 —
537 2462 637 2498 Plus
672 2471 803 2508 quam
837 2472 912 2507 pro
946 2466 1137 2508 tempore
1174 2474 1182 2499 ε
1220 2464 1365 2508 ellipse
1400 2473 1582 2508 connue,
1617 2465 1702 2500 litt.
1743 2475 1750 2499 :

119 2532 134 2554 (ι
154 2520 250 2566 plus
276 2520 409 2566 qu’on
435 2530 487 2556 ne
512 2522 696 2566 pouvait
721 2522 787 2568 s'y
813 2522 1015 2558 attendre
1040 2533 1089 2558 en
1114 2523 1259 2559 raison
1284 2524 1339 2558 du
1366 2524 1477 2569 (pro)
1501 2526 1643 2569 temps
1669 2533 1752 2569 que

114 2582 165 2616 tu
194 2589 222 2626 y
251 2587 297 2615 as
328 2581 529 2616 consacre
552 2592 580 2624 »,
611 2581 664 2616 cf.
697 2581 921 2617 Tite-Live
951 2581 1064 2618 XXI
1093 2582 1161 2626 29,
1191 2582 1216 2618 2
1248 2593 1256 2618 :
1289 2583 1541 2619 «Proelium
1573 2583 1750 2619 atrocius

114 2649 238 2685 quam
269 2649 343 2685 pro
383 2649 563 2675 numero
606 2641 910 2686 pugnantium.
937 2653 951 2675 »
980 2661 1035 2666 -—
1093 2642 1426 2687 Disciplinarum
1459 2653 1467 2678 :
1514 2654 1528 2676 «
1549 2642 1749 2678 matieres

115 2698 498 2744 d’enseignement,
520 2699 705 2735 sciences
730 2711 744 2734 »
764 2700 836 2745 (cf.
864 2700 927 2736 IX
950 2701 1005 2745 7).
1029 2700 1165 2736 Notre
1186 2703 1279 2737 mot
1301 2701 1524 2747 discipline
1545 2712 1569 2736 a
1590 2701 1748 2746 parfois

112 2767 159 2793 88
197 2766 309 2794 sens.
341 2778 396 2783 -—
458 2758 731 2795 Reuertere...
774 2760 1053 2805 praestabunt
1094 2771 1103 2796 z
1143 2760 1479 2806 Juxtapositiom
1521 2761 1574 2797 cf.
1618 2761 1683 2796 XI
1724 2762 1747 2796 2

115 2818 237 2862 (note
259 2825 332 2853 sur
354 2817 425 2853 sed
447 2818 680 2864 desiderat).

195 2876 234 2912 5.
266 2896 322 2902 —
384 2877 770 2913 consolabuntur...
821 2878 1136 2914 delectabunt...
1186 2879 1306 2915 dolor
1355 2891 1363 2915 :
1412 2889 1662 2925 remarquer
1708 2879 1749 2914 la

108 2935 346 2981 ,gradation
384 2947 392 2972 ε
429 2936 611 2972 d’abord
645 2937 703 2973 les
740 2937 891 2974 etudes
927 2938 1165 2983 consolent,
1201 2948 1252 2974 en
1289 2939 1534 2985 distrayant
1569 2939 1748 2984 l’esprit‚

1857 679 1896 715 §ss
