2195 3345
475 235 532 280 ‘12
771 250 815 281 L.
850 250 1015 283 ANNAEI
1049 251 1244 283 SENECAE
1275 250 1596 283 DIALOGORUM
1627 250 1722 282 LIB.
1758 252 1827 284 XII

467 377 568 409 esse
600 379 675 409 me
709 366 812 409 dico
841 366 865 410 ‘2
897 367 1113 418 Minime;
1148 380 1259 410 nam
1292 367 1340 410 id
1374 367 1565 424 quidem
1599 368 1637 410 si
1670 368 1883 424 profiteri
1909 382 2113 426 possem,

466 448 561 479 non
589 439 781 480 tantum
809 449 1028 494 negarem
1055 438 1279 482 miserum
1306 451 1405 482 esse
1432 451 1522 489 me,
1552 438 1633 482 sed
1661 439 1874 482 omnium
1897 441 2115 485 fortuna-

462 507 701 551 tissimum
732 511 782 551 et
811 508 860 550 in
891 508 1101 552 uicinum
1133 509 1220 552 deo
1252 510 1535 566 perductum
1567 510 1888 567 praedicarem
1912 525 1924 563 ;
1967 525 2110 564 nunc,

463 631 576 668 voici
601 632 643 668 13
670 633 899 670 definition
925 633 1028 679 (Ep.
1057 634 1161 669 LIX
1187 634 1229 679 2)
1253 644 1261 669 ε
1286 645 1301 667 «
1328 635 1479 670 Animi
1503 634 1625 670 elatio
1649 635 1739 670 suis
1768 635 1887 671 bonis
1914 636 2110 683 aerisque

460 688 648 732 sidentis.
675 703 689 726 »
718 692 751 728 Il
777 694 842 728 est
870 692 1073 729 different
1100 693 1152 729 de
1178 693 1286 729 celui
1313 694 1370 729 du
1395 692 1588 738 vulgaire
1613 693 1769 739 (ibid.).

548 751 586 786 2.
618 772 673 777 -—
703 751 882 788 Minime
900 762 908 787 ε
927 752 1122 798 Se'neque
1137 752 1219 789 fait
1234 753 1330 798 plus
1348 753 1477 788 d'une
1492 751 1573 788 fois
1591 755 1659 789 cet
1676 763 1799 789 aveu.
1820 753 1892 790 Ses
1909 755 2106 792 ennemis

461 829 517 834 --
543 810 650 845 dans
677 810 928 856 l'antiquite
954 814 997 848 et
1024 812 1131 848 dans
1157 811 1217 848 les
1243 815 1386 856 temps
1414 812 1640 847 modernes
1667 833 1722 838 -—
1748 812 1821 858 qui
1846 812 2101 859 l'accusent,

459 868 620 912 parfois
651 879 757 905 avec
784 870 944 914 raison,
974 871 1111 908 d’etre
1139 871 1454 916 inconsequent
1484 880 1590 907 avec
1618 880 1683 907 ses
1712 871 1942 917 principes,
1972 873 2099 910 n’ont

460 937 537 971 pas
558 928 759 974 touj0urs
781 939 831 964 su
852 930 966 966 tenir
988 933 1162 976 compte
1185 931 1236 966 de
1257 940 1305 966 sa
1325 930 1553 965 franchise.
1580 930 1641 966 Cf.
1666 940 1817 966 encore
1844 933 1906 968 De
1937 932 2018 969 Vit.
2045 933 2097 969 Β.

460 987 591 1023 XVII
614 988 638 1023 3
664 997 671 1023 :
697 999 712 1021 «
737 989 834 1026 Non
856 1000 951 1025 sum
973 991 1159 1035 sapiens,
1182 992 1230 1033 et,
1257 992 1299 1025 ut
1322 989 1656 1025 maliuolentiam
1678 991 1793 1026 tuam
1815 1000 2000 1035 pascam,
2022 1002 2098 1028 nec

457 1055 523 1081 ero
546 1056 574 1089 »,
594 1049 650 1089 et,
670 1046 765 1091 plus
783 1047 871 1083 10111
890 1048 1067 1093 (XVIII
1087 1049 1127 1094 1)
1147 1060 1155 1084 ε
1176 1060 1190 1083 «
1216 1050 1321 1086 Cum
1341 1048 1460 1084 uitiis
1478 1049 1719 1084 conuicium
1735 1049 1860 1093 facio,
1881 1049 1926 1085 in
1943 1049 2098 1096 primis

456 1105 558 1141 meis
581 1105 692 1150 jacio
712 1116 728 1149 ,·
753 1117 846 1143 cum
869 1110 1052 1153 potuero,
1079 1109 1227 1144 uiuam
1251 1109 1449 1154 quomodo
1472 1110 1637 1153 oportet.
1664 1120 1678 1142 »
1706 1108 1738 1144 Il
1760 1107 1874 1145 tient
1895 1108 1934 1145 le
1958 1111 2099 1146 meme

454 1164 637 1210 langage
663 1165 771 1201 dans
798 1176 863 1202 ses
891 1167 1104 1203 dernieres
1132 1169 1288 1204 annees
1317 1178 1325 1203 :
1354 1179 1368 1200 <⁴
1393 1168 1580 1204 Multum
1606 1168 1657 1203 ab
1683 1168 1848 1203 homine
1874 1169 2098 1212 tolerabili,

453 1224 608 1260 nedum
633 1235 659 1260 a
682 1225 858 1270 perfecto
883 1227 1045 1262 absum.
1071 1238 1085 1260 »
1122 1227 1225 1273 (Ep.
1254 1228 1377 1263 LVII
1403 1228 1458 1273 3).
1500 1227 1565 1263 On
1590 1230 1747 1263 trouve
1773 1228 1875 1263 chez
1900 1227 2093 1264 d'autres

454 1284 655 1320 stoiciens
676 1285 791 1321 aussi
812 1286 863 1321 de
882 1286 1139 1322 semblables
1160 1297 1341 1332 preuves
1363 1286 1622 1330 d'humilite,
1643 1287 1695 1323 cf.
1720 1288 1846 1323 Perse
1865 1287 1903 1323 V
1923 1285 2016 1324 1⁸15.
2040 1309 2096 1314 —-

454 1343 504 1378 In
525 1343 718 1380 uicinum
738 1346 841 1381 deo:
870 1346 1065 1391 Se'neque
1086 1356 1193 1381 nous
1216 1356 1240 1382 a
1260 1346 1385 1381 131556
1407 1347 1458 1382 de
1480 1347 1721 1381 nombreux
1742 1342 1950 1391 portraits
1972 1347 2025 1383 de
2046 1357 2097 1384 ce

453 1402 580 1446 froid,
605 1403 871 1448 impassible‚
897 1404 1019 1440 irreel
1044 1413 1144 1450 sage
1169 1405 1348 1441 stoicien
1376 1416 1384 1440 t
1410 1405 1548 1441 tirant
1572 1408 1673 1442 tout
1699 1406 1751 1441 de
1776 1405 1852 1449 soi,
1878 1405 1917 1441 le
1941 1415 2041 1452 sage
2067 1417 2092 1443 a

451 1461 592 1506 pleine
615 1462 844 1499 confiance
867 1474 919 1499 en
942 1464 1004 1499 soi
1027 1464 1129 1510 (Ep.
1156 1465 1315 1501 XXXI
1339 1465 1395 1510 3),
1418 1464 1447 1499 il
1470 1465 1640 1509 n'apas
1665 1465 1814 1500 besoin
1837 1466 1894 1500 du
1917 1475 2089 1502 secours

452 1522 504 1557 de
523 1521 565 1556 la
584 1522 724 1566 priere
747 1523 850 1568 (Ep.
876 1524 1034 1559 XXXI
1057 1524 1113 1569 5),
1134 1523 1163 1558 il
1184 1534 1237 1560 ne
1258 1525 1398 1560 6131111
1418 1534 1494 1568 pas
1515 1524 1574 1559 les
1597 1524 1727 1559 dieux
1747 1524 1850 1570 (Ep.
1875 1525 2007 1561 XVII
2028 1525 2086 1570 6),

450 1590 522 1616 car
545 1580 575 1615 il
601 1584 665 1617 est
693 1592 782 1617 non
808 1583 1047 1619 seulement
1073 1583 1213 1619 voisin
1240 1584 1370 1618 d’eux
1396 1593 1563 1618 comme
1587 1582 1656 1626 ici,
1683 1583 1791 1619 mais
1818 1593 1972 1619 encore
1994 1583 2091 1620 leur

450 1640 542 1685 ega]
560 1641 662 1686 (Ep.
685 1642 792 1677 LIX
812 1642 880 1687 14)
906 1642 962 1685 ;il
981 1652 1005 1677 a
1023 1644 1162 1678 meme
1180 1653 1263 1678 une
1282 1642 1537 1687 superiorite
1555 1652 1627 1677 sur
1645 1652 1729 1677 eux
1748 1652 1756 1676 :
1778 1653 1792 1675 <‹
1817 1642 1894 1677 Est
1911 1642 2089 1688 aliquid,

448 1710 525 1745 quo
554 1701 726 1746 sapiens
756 1702 966 1737 antecedat
994 1703 1115 1737 deum
1144 1711 1158 1737 .·
1188 1702 1257 1737 ille
1285 1704 1461 1737 naturae
1493 1701 1692 1745 beneficio
1721 1711 1808 1736 non
1837 1701 1980 1744 timet,
2010 1712 2092 1738 suo

446 1758 630 1803 sapiens.
660 1759 771 1795 Ecce
795 1770 859 1795 res
887 1769 1045 1806 magna
1070 1762 1229 1797 habere
1257 1761 1567 1796 inbecillitatem
1592 1761 1790 1803 hominis,
1826 1760 2088 1797 securitatem

445 1818 524 1853 dei.
550 1830 565 1852 »
586 1819 689 1864 (Ep.
715 1820 821 1854 LIII
846 1821 1002 1865 11-12).
1028 1820 1134 1856 Mais
1156 1823 1357 1863 souvent‚
1381 1820 1579 1865 quittant
1600 1819 1639 1855 le
1659 1819 1882 1865 rigorisme
1903 1820 1962 1855 du
1984 1820 2087 1855 Por-

444 1876 579 1923 tique,
600 1881 724 1913 notre
743 1878 997 1923 philosophe
1016 1880 1249 1915 redescend
1268 1889 1340 1915 sur
1357 1879 1395 1915 le
1413 1879 1576 1915 terrain
1595 1880 1648 1914 de
1665 1879 1707 1914 13
1725 1879 1875 1915 realite
1896 1881 1939 1915 et
1956 1878 2087 1915 131556

444 1936 583 1980 parler
611 1937 887 1981 simplement
915 1948 991 1973 son
1021 1949 1138 1975 coeur
1167 1949 1175 1974 ε
1207 1950 1222 1972 «
1247 1940 1344 1976 Non
1373 1939 1497 1974 educo
1524 1939 1755 1984 sapientem
1783 1949 1830 1974 ex
1865 1938 2087 1975 hominum

441 2006 613 2032 numero
637 2007 651 2030 »
681 1997 783 2042 (Ep.
816 1998 965 2033 LXXI
995 1998 1080 2043 27),
1112 2001 1154 2034 et
1183 1998 1211 2032 11
1242 1999 1417 2043 ajoute:
1449 2009 1464 2032 «
1488 1999 1552 2035 Ne
1580 2000 1693 2034 extra
1719 2008 1859 2033 rerum
1885 2000 2086 2034 naturam

444 2056 595 2100 uagari
620 2056 755 2091 uirtus
777 2059 918 2092 nostra
943 2058 1148 2100 uideatur,
1173 2060 1216 2094 et
1238 2060 1399 2093 tremet
1422 2058 1592 2102 sapiens
1616 2060 1659 2093 et
1683 2057 1846 2093 dolebit
1870 2059 1913 2093 61
1936 2057 2083 2102 expal-

442 2114 573 2150 lescet
596 2126 610 2149 »
637 2115 758 2159 (ibid.
797 2118 815 2160 ξ
841 2116 926 2160 29),
954 2119 996 2152 61
1022 2116 1051 2151 11
1076 2119 1188 2153 n'est
1215 2127 1292 2162 pas
1318 2117 1407 2152 loin
1434 2117 1486 2152 de
1511 2117 1674 2152 refuser
1699 2126 1747 2152 sa
1772 2116 1831 2151 foi
1858 2117 1882 2152 a
1908 2126 1954 2152 ce
1979 2125 2081 2162 sage

439 2174 689 2218 impassible
717 2185 724 2210 :
754 2186 769 2208 «
796 2176 1003 2212 Suadeo...
1033 2176 1138 2212 mihi
1164 2176 1262 2220 ista,
1291 2186 1402 2221 quae
1427 2176 1572 2218 laudo,
1600 2177 1788 2212 nondum
1813 2176 2041 2221 persuadeo
2064 2187 2083 2211 υ

440 2233 561 2275 (ibid.
593 2235 611 2278 ξ
631 2234 715 2279 30).
742 2234 775 2269 Il
795 2244 847 2269 ne
867 2234 963 2270 13111
984 2244 1060 2279 pas
1080 2235 1140 2270 lui
1159 2237 1388 2280 reprocher
1406 2238 1506 2280 trop
1526 2236 1796 2270 severement
1817 2245 1884 2270 ces
1905 2237 2077 2271 contra-

440 2291 624 2328 dictions
644 2303 651 2327 :
671 2292 769 2328 elles
787 2296 1000 2330 attestent
1017 2304 1093 2329 son
1110 2305 1205 2330 sens
1222 2294 1573 2340 psychologique.
1591 2316 1646 2320 -—-
1662 2295 1742 2330 Sur
1756 2294 1795 2330 le
1811 2302 1910 2339 sage
1925 2293 2078 2340 rigide,

438 2350 476 2386 16
497 2363 512 2385 «
534 2353 782 2388 surhomme
805 2364 819 2386 »
841 2353 898 2388 du
919 2353 1152 2397 stoicisme‚
1175 2354 1227 2389 cf.
1252 2364 1404 2390 encore
1430 2356 1492 2391 De
1515 2355 1651 2390 Const.
1680 2354 1746 2389 III
1769 2353 1806 2397 5,
1833 2354 1892 2389 IV
1914 2354 1953 2397 2,
1975 2354 2013 2390 V
2034 2354 2077 2398 4,

438 2411 550 2446 VIII
588 2411 625 2446 2.
670 2432 724 2436 —
779 2413 900 2448 Nunc
937 2413 1008 2455 (en
1044 2421 1140 2458 grec
1164 2421 1224 2450 νῦν
1244 2417 1297 2459 δέ)
1341 2423 1504 2458 oppose
1529 2413 1571 2448 13
1596 2412 1746 2449 1631116
1774 2413 1798 2449 a
1823 2423 1908 2448 une
1933 2413 2074 2458 hypo-

442 2470 560 2505 these
585 2470 742 2514 fausse,
771 2474 828 2514 et,
856 2481 934 2516 par
961 2473 1242 2518 consequent,
1271 2473 1492 2518 s’emploie
1519 2475 1705 2508 souvent
1733 2473 1855 2517 apres
1881 2472 1920 2508 le
1947 2473 2079 2508 mode

438 2529 574 2572 111661,
597 2529 649 2565 cf.
677 2531 738 2566 De
770 2532 850 2567 Vit.
877 2531 927 2566 Β.
954 2532 1107 2568 XXIV
1129 2533 1152 2567 5
1175 2543 1182 2567 ε
1207 2544 1222 2566 <‹
1247 2532 1433 2568 Diuitias
1456 2540 1564 2577 nego
1586 2533 1750 2567 bonum
1771 2541 1861 2567 esse
1884 2542 1894 2575 ;
1916 2541 2018 2567 nam
2039 2531 2074 2567 si

439 2591 595 2631 essent,
613 2589 746 2624 bonos
763 2590 955 2626 Iacerent
979 2601 988 2633 3
1004 2602 1131 2632 nunc,
1149 2591 1355 2637 quoniam
1372 2593 1489 2638 quod
1505 2592 1622 2637 apud
1638 2591 1773 2627 malos
1790 2590 2080 2636 deprenditur

439 2647 522 2683 dici
556 2648 718 2684 bonum
737 2658 823 2683 non
842 2652 1001 2694 potest,
1022 2651 1103 2686 hoc
1120 2650 1200 2685 illis
1221 2661 1379 2687 nomen
1398 2659 1519 2696 nego.
1546 2661 1560 2685 »
1578 2651 1686 2696 Voy.
1709 2660 1860 2686 encore
1879 2650 2071 2686 d'autres

438 2707 654 2752 exemples
686 2718 693 2742 :
729 2709 797 2744 Ad
825 2709 918 2744 Hel.
952 2710 1108 2745 XVIII
1138 2711 1161 2746 9
1186 2721 1194 2753 ;
1228 2710 1417 2754 Ciceron,
1457 2711 1575 2746 Tusc.
1612 2711 1679 2745 III
1710 2710 1747 2753 1,
1778 2710 1836 2753 23
1867 2708 2068 2753 Salluste,

438 2766 533 2811 luy.
559 2767 667 2802 XIV
690 2767 829 2807 16-17‚
854 2770 896 2803 61
920 2768 972 2803 cf.
998 2779 1056 2804 un
1086 2777 1216 2814 usage
1239 2769 1373 2814 pareil
1400 2771 1451 2805 de
1474 2769 1737 2805 maintenant
1759 2779 1811 2805 en
1832 2767 2020 2814 francais
2045 2768 2070 2804 3

436 2825 635 2871 l'epoque
664 2825 874 2872 classique
905 2837 912 2862 :
944 2828 1023 2864 «Si
1053 2828 1130 2864 elle
1159 2829 1278 2864 avait
1308 2829 1376 2865 ete
1404 2829 1499 2874 plus
1528 2828 1789 2872 fortunee...‚
1819 2827 1897 2864 elle
1925 2827 2070 2863 aurait

436 2886 654 2929 peut-etre
682 2895 790 2930 paru
820 2886 919 2922 vide
949 2887 1112 2923 devant
1143 2887 1265 2924 Dieu.
1299 2889 1572 2925 Nlaintenant
1600 2887 1755 2934 qu’elle
1783 2897 1809 2922 a
1835 2886 2002 2932 prefero
2027 2886 2072 2922 la

436 2944 553 2979 croix
581 2954 635 2979 au
662 2945 848 2988 11ὀ116...,
877 2945 954 2981 6116
980 2956 1155 2982 recevra
1181 2947 1240 2983 les
1269 2947 1559 2983 consolations
1589 2948 1662 2992 qui
1689 2949 1789 2983 sont
1815 2945 2023 2991 promises
2045 2946 2070 2981 a

435 3013 543 3039 ceux
564 3004 637 3049 qui
656 3004 868 3049 pleurent.
881 3016 895 3038 »
915 3005 1130 3050 (Bossuet,
1140 3006 1205 3042 Or.
1226 3007 1319 3052 sun.
1336 3007 1438 3043 dela
1456 3007 1570 3043 reine
1589 3006 1763 3052 d'Anql.
1782 3006 1835 3043 ad
1847 3005 2077 3051 linem.)—
