2195 3345
405 221 462 267 66
701 234 744 265 L.
782 233 945 266 ANNAEI
979 234 1174 266 SENECAE
1205 235 1525 267 DIALOGORUM
1553 236 1647 267 LIB.
1677 236 1746 268 ΧΠ

404 351 649 408 supplicia,
676 352 724 394 in
752 352 840 395 hoc
864 351 1126 401 latrocinia,
1154 351 1201 393 in
1228 352 1317 395 hoc
1341 352 1492 395 morbi
1517 357 1797 396 exercentur
1827 368 1837 396 ι
1862 355 2049 398 animus

406 423 597 480 quidem
617 423 715 480 ipse
737 435 865 466 sacer
885 426 935 465 et
954 426 1174 465 aeternus
1193 426 1267 465 est
1285 426 1336 466 et
1356 423 1429 466 cui
1450 436 1543 465 non
1565 423 1716 480 possit
1734 424 1843 467 inici
1863 437 2048 468 manus

496 493 600 537 XII.
635 520 681 524 —
710 494 780 536 Ne.
806 507 879 536 me
906 497 1044 550 putes
1068 493 1129 536 ad
1154 493 1384 537 eleuanda
1409 495 1710 538 incommoda
1735 496 2047 552 paupertatis,

409 577 550 622 quam
584 578 719 607 nemo
751 576 944 620 grauem
976 564 1137 613 sentit,
1171 565 1257 607 nisi
1291 566 1369 622 qui
1401 569 1558 621 putat,
1591 566 1662 609 uti
1695 570 1887 609 tantum
1916 579 2051 624 prae—

408 637 556 693 ceptis
601 635 902 692 sapientium‚
949 636 1154 692 primum
1199 636 1370 692 aspice,
1419 641 1598 692 quanto
1643 637 1792 679 maior
1836 650 1946 694 pars
1990 638 2052 680 sit

407 720 685 764 pauperum,
716 719 833 763 quos
860 707 1005 749 nihilo
1033 707 1222 750 notabis
1253 707 1484 750 tristiores
1522 708 1906 765 sollicitioresque
1934 709 2055 752 diui-

409 779 538 822 tibus
571 794 579 821 :
609 778 753 820 immo
785 778 938 821 nescio
968 791 1029 821 an
1057 791 1112 821 eo
1142 778 1359 821 laetiores
1388 778 1497 828 sint,
1531 792 1621 835 quo
1652 780 1838 822 animus
1865 779 2051 822 illorum

410 851 456 893 in
506 850 728 907 pauciora
781 850 1093 905 distringitur.
1145 850 1458 893 Transeamus
1506 862 1619 906 opes
1668 863 1814 907 paene
1873 851 2053 907 inopes,

489 980 530 1011 N.
553 980 588 1011 C.
613 997 648 1001 —
673 980 750 1011 XII
771 980 809 1011 1.·
853 980 1085 1019 ἀεείνίηῃίίιιν
1103 980 1135 1011 Α
1155 989 1163 1017 ;
1183 980 1414 1019 distrinyitur
1431 986 1491 1017 ug.
1519 997 1552 1001 —-
1580 980 1657 1011 XII
1677 980 1710 1011 2.
1762 982 1939 1011 transeam
1958 989 1967 1018 ;
1986 988 2056 1020 ape

411 1042 474 1074 spe
502 1042 575 1064 non
605 1033 842 1065 obueniamus
870 1034 930 1070 A;
964 1036 1186 1065 transeamus
1212 1042 1294 1073 opes
1320 1042 1432 1073 paene
1460 1034 1594 1072 inopes,
1623 1033 1813 1064 ueniamus
1839 1032 1990 1072 Madvig
2015 1035 2054 1065 et

416 1086 526 1119 Gertz
545 1096 554 1125 3
571 1089 680 1118 trans.
699 1087 905 1127 asperiores.
926 1087 1000 1118 Nos
1016 1087 1241 1118 obuerlamus
1259 1086 1462 1117 Feldmann
1484 1096 1491 1124 ;
1509 1088 1618 1117 trans.
1636 1095 1657 1117 a
1672 1096 1708 1117 re
1722 1095 1828 1126 saepe
1842 1095 1915 1117 non
1930 1086 2054 1123 obulo,

416 1141 605 1172 ueniamus
629 1140 821 1172 Rossbach
842 1150 850 1178 ;
874 1143 983 1172 trans.
1008 1140 1123 1180 capite
1145 1149 1276 1177 censos,
1301 1140 1491 1171 {leniamus
1514 1140 1720 1179 Niemcyer.
1745 1139 1901 1171 Hermes
1930 1141 2055 1171 autem

416 1195 507 1226 satis
534 1194 668 1225 habuit
695 1194 890 1225 lectionem
918 1196 1131 1234 corruptam
1159 1193 1293 1224 codic1s
1322 1194 1353 1224 A
1382 1193 1595 1224 describere.

417 1312 537 1355 ἀρετὴν
561 1312 637 1344 obde
656 1314 827 1354 φρόνησιν.
855 1321 868 1341 ›>
884 1329 937 1331 ff*
996 1307 1043 1342 ln
1067 1307 1172 1342 hoe:
1197 1307 1280 1342 abl.
1305 1316 1359 1342 ou
1383 1316 1485 1350 acc..
1508 1307 1565 1342 les
1589 1307 1703 1342 deux
1725 1315 1794 1341 cas
1817 1307 1941 1341 etant
1961 1315 2058 1350 pos-

418 1367 546 1403 sibles
570 1376 675 1402 avec
704 1377 882 1402 exercere
912 1367 1088 1402 suivant
1117 1366 1155 1401 le
1184 1374 1278 1401 sens
1302 1366 1434 1411 qu'on
1456 1366 1632 1401 attache
1656 1366 1679 1401 a
1700 1366 1741 1400 13
1762 1365 2029 1410 proposition
2049 1376 2055 1399 :

419 1438 434 1460 «
455 1434 541 1470 sur,
559 1426 582 1462 a
603 1434 760 1471 propos
779 1426 862 1461 de»
881 1436 935 1461 ou
953 1437 968 1459 «
985 1428 1132 1461 contre
1147 1437 1184 1470 »3
1203 1426 1255 1461 cf.
1277 1425 1359 1461 Cic.
1382 1425 1491 1460 Phil.
1513 1425 1579 1460 XI
1596 1425 1635 1468 3,
1655 1425 1702 1460 8:
1723 1425 1860 1460 «Tam
1877 1424 2056 1460 fuitim-

419 1495 584 1522 memor
608 1486 958 1528 humanitatis...‚
977 1488 1027 1521 ut
1048 1493 1172 1520 suam
1192 1485 1483 1521 insatiabilem
1506 1474 1810 1520 crudelitatem
1836 1484 2058 1520 exercuerIt

419 1554 506 1581 non
521 1545 660 1580 solum
678 1545 720 1580 in
739 1545 853 1588 uiuo,
869 1545 945 1581 sed
961 1545 1093 1580 etiam
1114 1545 1158 1580 in
1173 1547 1331 1580 mortuo
1348 1556 1375 1587 »‚
1403 1546 1446 1579 et
1473 1544 1695 1580 Tite-Live
1723 1543 1883 1579 XXIX
1905 1543 1970 1587 17,
1988 1543 2059 1579 13:

422 1616 437 1639 e
457 1606 520 1640 Ac
543 1605 578 1640 si
600 1605 737 1640 scelus
761 1605 1073 1650 libidinemque
1097 1607 1139 1640 et
1165 1605 1441 1640 auaritiam...
1467 1614 1645 1639 exercere
1670 1604 1714 1638 in
1738 1603 1870 1639 socios
1892 1604 2061 1638 uestros

420 1664 525 1700 satis
548 1665 740 1700 haberet.
770 1678 782 1696 »
802 1685 857 1688 -ψ
914 1664 1097 1700 Animus
1119 1665 1289 1710 quidem
1313 1674 1321 1698 ε
1345 1663 1664 1708 generalement
1691 1663 1855 1708 quidem
1877 1662 1972 1708 (μέν)
1995 1663 2060 1697 est

421 1724 533 1760 suivi
573 1725 624 1759 de
661 1724 731 1759 sed
770 1726 853 1769 (δέ),
876 1726 918 1759 et
945 1724 1144 1768 s'oppose
1166 1724 1188 1759 a
1209 1733 1255 1758 ce
1277 1723 1350 1768 qui
1370 1723 1456 1758 suit
1477 1722 1548 1767 (ef.
1571 1723 1633 1758 VI
1653 1722 1709 1768 3).
1741 1722 1846 1757 Mais
1873 1721 2060 1766 lorsque,

423 1793 589 1819 comme
609 1784 678 1827 ici,
699 1783 728 1818 il
748 1784 859 1819 n'est
880 1792 956 1828 pas
978 1784 1090 1819 suivi
1112 1784 1163 1818 de
1183 1783 1267 1826 sed,
1290 1783 1395 1818 c'est
1416 1783 1520 1828 qu’il
1541 1782 1740 1827 s'oppose
1762 1782 1786 1817 a
1807 1791 1852 1816 ce
1874 1780 1948 1826 qui
1968 1780 2063 1825 pre-

424 1844 525 1879 cede
549 1843 861 1889 (corpusculum
882 1863 937 1868 —
959 1843 1128 1878 animus
1152 1842 1336 1888 quidem)
1359 1853 1368 1886 ;
1392 1842 1421 1877 il
1443 1844 1550 1886 peut
1574 1842 1684 1877 alors
1708 1850 1752 1876 se
1774 1840 1928 1876 rendre
1950 1848 2029 1885 par
2054 1850 2061 1874 :

425 1914 440 1937 α
462 1904 602 1948 quant
622 1903 646 1938 a
669 1914 696 1938 ».
720 1902 782 1939 Cf.
806 1902 888 1938 Cic.
915 1903 976 1938 De
999 1902 1097 1937 Fin.
1123 1902 1141 1937 I
1161 1902 1199 1946 1,
1219 1902 1244 1937 2
1266 1913 1273 1937 ε
1296 1913 1311 1936 <‹
1334 1901 1637 1946 Philosophiae
1656 1900 1822 1947 quidem
1839 1899 2060 1944 uitupera-

422 1962 590 1998 toribus
622 1962 727 1998 satis
760 1970 1014 2006 responsum
1047 1964 1150 1997 est»
1190 1979 1229 1991 =
1285 1963 1450 2007 «quant
1482 1961 1506 1997 a
1536 1961 1579 1996 13
1610 1959 1925 2005 philosophie...
1950 1970 1977 1994 ».
2012 1978 2065 1982 —

425 2022 562 2058 Possit
585 2033 594 2058 :
618 2022 732 2067 subj.
757 2021 809 2056 de
830 2022 873 2056 13
894 2021 1166 2066 proposition
1187 2021 1369 2057 relative
1391 2020 1681 2063 consecutive,
1705 2019 1757 2055 cf.
1783 2018 1915 2054 XVII
1938 2018 1974 2054 5.
2009 2038 2063 2042 —-

427 2082 586 2117 Toutes
611 2081 670 2116 les
696 2081 776 2116 fois
803 2090 885 2126 que
913 2080 1107 2126 seneque
1132 2081 1251 2125 parle
1277 2081 1329 2116 de
1352 2081 1396 2116 13
1418 2079 1674 2125 superiorite
1699 2079 1751 2114 de
1774 2078 1904 2114 l'ame
1926 2084 1999 2113 sur
2023 2078 2061 2112 le

428 2149 565 2186 corps,
589 2141 641 2176 de
661 2140 827 2185 l'esprit
849 2150 921 2175 sur
941 2140 983 2175 la
1005 2139 1200 2184 matiere,
1223 2140 1253 2176 il
1273 2141 1311 2176 le
1333 2140 1415 2176 fait
1437 2149 1542 2176 avec
1562 2148 1621 2174 un
1642 2137 1855 2174 veritable
1884 2137 2067 2173 enthou-

427 2201 583 2236 siasme
607 2211 616 2243 ;
632 2208 709 2235 son
724 2200 836 2246 style
852 2200 962 2235 alors
978 2200 1135 2236 s'eleve
1151 2203 1194 2236 et
1210 2200 1372 2236 atteint
1386 2199 1721 2235 naturellement
1738 2197 1762 2233 a
1775 2197 2039 2242 l’eloquence
2058 2206 2067 2238 ;

429 2260 482 2296 cf.
518 2269 597 2305 par
631 2260 825 2304 exemple
864 2260 931 2294 Ad
965 2260 1059 2295 Hel.
1095 2260 1207 2295 VIII
1242 2260 1281 2303 6,
1318 2259 1407 2294 XX
1430 2270 1440 2302 3
1485 2258 1553 2294 Ad
1587 2258 1724 2293 Rffarc.
1761 2256 1915 2291 XXVI
1938 2266 1948 2299 ;
1985 2255 2067 2300 Ερ.

431 2319 534 2355 XLI
565 2319 649 2363 1-5‚
700 2319 820 2354 LXV
851 2319 991 2363 15-24,
1023 2319 1168 2355 LXVI
1200 2320 1284 2362 1-4,
1317 2318 1443 2354 XCII
1472 2318 1525 2354 27
1562 2327 1672 2362 sqq.‚
1704 2315 1828 2352 CXX
1857 2316 1906 2350 11
1938 2323 2032 2360 sqq.
2059 2325 2068 2357 ;

432 2380 530 2415 Nat.
553 2379 715 2424 Quaest.
740 2379 758 2414 I
776 2379 911 2423 praef.
933 2379 1003 2424 (en
1023 2378 1192 2424 entier),
1236 2379 1303 2414 III
1322 2378 1456 2423 praef.
1479 2377 1619 2419 10-18,
1657 2376 1719 2412 VI
1738 2376 1790 2411 32
1809 2375 1881 2421 (en
1899 2374 2068 2419 entier).

516 2438 609 2474 XII.
649 2439 685 2473 1.
717 2458 772 2462 —
829 2439 965 2483 Apres
1018 2438 1078 2473 les
1134 2440 1384 2483 arguments
1439 2435 1808 2482 philosophiques,
1862 2433 2071 2470 viennent

432 2498 709 2534 maintenant
727 2497 786 2533 les
807 2500 1057 2543 arguments
1075 2498 1179 2534 tires
1200 2497 1252 2533 de
1269 2498 1311 2533 la
1330 2497 1399 2533 vie
1420 2497 1471 2532 de
1488 2498 1588 2532 tous
1607 2495 1667 2531 les
1685 2495 1804 2540 J'ours
1824 2495 1867 2530 et
1886 2493 1938 2528 de
1954 2492 2071 2528 l'his-

431 2558 555 2594 toire.
584 2557 653 2594 Un
678 2557 1002 2593 raisonnement
1028 2557 1214 2593 abstrait
1241 2567 1295 2592 ou
1321 2557 1461 2592 meme
1485 2555 1762 2600 simplement
1785 2562 1845 2588 un
1870 2551 2071 2596 develop-

433 2618 611 2662 pement
633 2617 818 2652 oratoire
841 2624 977 2662 gagne
1000 2626 1052 2652 en
1075 2617 1346 2652 consistance
1369 2619 1412 2652 et
1434 2625 1486 2651 en
1507 2614 1679 2650 solidite
1702 2613 1726 2649 a
1747 2613 1980 2657 s'appuyer
1999 2620 2072 2646 sur

433 2678 475 2713 13
495 2676 647 2713 realite
668 2678 711 2711 et
730 2676 1014 2720 l’experience
1036 2676 1319 2721 quotidienne
1345 2687 1355 2720 ;
1377 2675 1430 2711 cf.
1453 2675 1495 2710 la
1516 2676 1619 2709 note
1640 2682 1713 2709 sur
1733 2672 1908 2708 obducta
1927 2670 1993 2715 (II
2015 2670 2070 2714 1).

434 2757 489 2762 —
550 2736 770 2771 Eleuanda
796 2745 804 2770 ε
829 2735 997 2770 eleuare
1031 2752 1069 2764 —-
1099 2747 1114 2769 «
1136 2735 1365 2779 diminuer,
1390 2734 1594 2776 affaiblir,
1617 2731 1830 2767 rabaisser
1853 2742 1882 2774 »,
1906 2729 1960 2765 cf.
1986 2729 2070 2765 Cic.

445 2796 564 2832 Tusc.
593 2795 660 2831 III
684 2795 750 2838 16,
774 2795 850 2830 34:
876 2806 891 2828 <‹
914 2795 1031 2830 Nihil
1054 2798 1181 2838 est...‚
1207 2795 1324 2841 quod
1346 2797 1440 2830 tam
1464 2792 1683 2829 obtundat
1705 2792 1917 2835 eleuetque
1940 2789 2074 2834 aegri-

435 2856 635 2892 tudinem
665 2863 797 2900 quam
825 2857 1081 2899 perpetua...
1113 2855 1321 2900 cogitatio
1351 2854 1457 2889 nihil
1486 2862 1589 2896 esse,
1620 2851 1737 2897 quod
1765 2859 1852 2885 non
1882 2847 2074 2884 accidere

437 2915 628 2960 possit.»
657 2934 712 2938 —
766 2913 855 2949 Nisi
889 2913 961 2960 qui
996 2918 1119 2959 putat
1147 2925 1154 2949 :
1192 2913 1538 2949 sous—entendu:
1578 2920 1747 2957 grauem
1772 2919 1872 2945 esse.
1909 2907 2074 2943 Encore

437 2973 629 3020 l'opinio.
661 2993 716 2997 —
774 2973 876 3008 Pars
903 2983 1140 3018 pauperum
1169 2984 1176 3009 :
1206 2974 1299 3019 gen.
1330 2971 1553 3018 explicatis
1577 2982 1585 3006 :
1616 2981 1631 3004 «
1651 2970 1693 3005 13
1719 2968 1860 3014 partie
1887 2967 1939 3002 de
1964 2966 2074 3002 l’hu-
