2154 3377
447 192 509 224 AD
543 190 763 223 HELVIAM
797 189 998 221 MATREM
1034 188 1097 220 DE
1119 185 1499 219 CONSOLATIONE,
1536 185 1636 216 v·Vl
1819 171 1875 215 17

232 310 394 357 minia,
427 311 745 365 contemptus.
777 307 1016 349 Aduersus
1048 305 1137 347 ista
1171 306 1333 360 postea
1367 301 1617 357 confligam
1645 316 1655 350 ;
1687 301 1872 344 interim

235 381 438 437 primum
483 380 596 422 illud
641 377 812 421 intueri
856 376 979 425 uolo,
1025 374 1137 432 quid
1181 373 1336 416 acerbi
1385 372 1572 415 adferat
1628 371 1727 427 ipsa
1787 372 1873 414 loci

233 451 563 494 commutatio.

327 537 344 563 «
365 523 527 566 Carere
574 520 728 577 patria
776 517 1069 561 intolerabile
1115 520 1204 559 est.
1230 530 1246 557 ›>
1291 515 1458 572 Aspice
1504 513 1705 569 agedum
1754 513 1874 555 hanc

230 592 562 649 frequentiam,
587 591 660 634 cui
683 591 767 633 uix
785 590 914 633 urbis
937 590 1190 632 immensae
1213 590 1340 630 tecta
1363 585 1611 629 sufficiunt
1632 598 1641 626 :
1664 584 1871 626 maxima

229 675 338 719 pars
364 664 500 706 istius
528 662 694 705 turbae
723 662 877 718 patria
905 664 1049 704 caret.
1079 660 1154 702 Ex
1178 657 1446 713 municipiis
1470 659 1521 699 et
1541 655 1733 698 coloniis
1759 654 1870 702 suis,

224 746 288 776 ex
319 737 422 777 toto
459 734 659 790 denique
695 733 806 776 orbe
842 736 1074 775 terrarum
1110 730 1445 773 confluxerunt
1473 742 1482 770 z
1517 726 1634 769 alios
1666 725 1872 768 adduxit

225 804 441 854 ambitio,
463 804 579 848 alios
614 804 867 847 necessitas
899 801 1046 845 officii
1079 800 1271 858 publici,
1305 799 1422 841 alios
1449 797 1654 854 inposita
1681 796 1869 852 legati0‚

227 875 345 918 alios
370 875 555 918 luxuria
573 879 895 932 opportunum
919 877 969 916 et
984 872 1265 929 opulentum
1289 870 1419 913 uitiis
1444 869 1597 912 locum
1624 880 1868 925 quaerens

230 1025 353 1059 notre
384 1023 669 1066 Consolation‚
699 1033 797 1068 voy.
829 1022 939 1057 VIII
968 1022 1007 1063 2,
1039 1021 1080 1056 X
1111 1021 1148 1062 1,
1181 1020 1246 1056 XI
1276 1020 1315 1061 4,
1347 1018 1459 1055 XIX
1488 1018 1526 1054 2.
1560 1038 1614 1042 —
1672 1018 1823 1053 Postea
1856 1027 1864 1051 :

228 1091 315 1117 aux
337 1082 461 1127 chap.
488 1082 683 1124 Χ-ΧΙΙΙ,
706 1080 851 1117 tandis
875 1090 957 1126 que
980 1080 1020 1116 la
1043 1091 1057 1112 «
1079 1079 1160 1115 loci
1183 1078 1470 1114 commutatio
1495 1089 1509 1110 »
1530 1077 1667 1113 forme
1689 1076 1726 1112 le
1747 1076 1863 1121 suiet

225 1141 302 1176 des
323 1142 447 1186 chap.
470 1141 635 1176 VI-IX.
668 1161 722 1166 —
780 1141 876 1186 Ipsa
898 1151 906 1175 z
929 1151 942 1173 «
965 1149 1016 1175 en
1036 1138 1113 1181 soi,
1136 1139 1159 1174 a
1178 1137 1239 1173 lui
1259 1137 1349 1173 seul
1373 1149 1400 1179 »‚
1422 1137 1474 1172 cf.
1498 1136 1581 1172 Cic.
1612 1137 1730 1171 Tusc.
1758 1135 1774 1170 I
1794 1136 1862 1177 21,

227 1200 278 1236 49
302 1212 316 1233 α
344 1211 352 1235 :
384 1201 486 1246 Ipsa
513 1199 777 1235 auctoritate
803 1210 869 1235 me
896 1199 1125 1244 frangeret.
1152 1209 1166 1230 n
1195 1198 1260 1234 On
1287 1196 1436 1242 ajoute
1462 1199 1648 1231 souvent
1674 1205 1747 1240 per
1770 1205 1812 1230 se
1839 1195 1863 1230 a

222 1269 327 1305 ipse.

309 1319 348 1354 2.
381 1339 436 1343 —
469 1319 619 1354 Carere
642 1328 665 1353 a
688 1319 802 1354 deux
823 1328 918 1354 sens
942 1317 1200 1362 principaux
1224 1326 1232 1351 :
1258 1317 1303 1351 10
1326 1327 1340 1348 «
1362 1324 1587 1360 manquer,
1610 1323 1653 1349 se
1676 1323 1823 1358 passer
1847 1325 1862 1345 »

225 1377 352 1422 (d’un
373 1377 506 1421 bien),
528 1377 633 1413 c'est
654 1377 691 1413 le
712 1387 807 1413 sens
829 1378 881 1413 de
902 1380 1026 1413 notre
1047 1384 1227 1421 passage
1252 1386 1261 1419 ;
1283 1375 1330 1410 2⁰
1351 1386 1366 1407 «
1388 1375 1477 1410 etre
1499 1375 1675 1418 exempt
1699 1384 1713 1405 »
1734 1372 1858 1417 (d’un

221 1435 327 1482 mal)
357 1446 366 1471 :
395 1446 531 1472 carere
558 1437 678 1480 febri.
709 1438 747 1472 A
773 1436 814 1472 13
841 1436 903 1472 fin
933 1437 984 1472 de
1012 1436 1053 1471 13
1082 1436 1237 1481 phrase
1265 1434 1483 1477 suivante,
1512 1434 1618 1468 caret
1647 1431 1739 1468 doit
1768 1433 1859 1468 etro

223 1495 310 1540 pris
331 1495 447 1531 aussi
466 1496 574 1531 dans
594 1495 632 1531 le
651 1496 835 1540 premier
853 1505 961 1532 sens.
983 1517 1038 1521 —
1095 1495 1292 1541 Agedum
1314 1504 1322 1528 :
1343 1493 1384 1528 13
1402 1491 1613 1538 particule
1633 1492 1733 1527 dum
1764 1491 1857 1535 (δή),

218 1554 360 1599 jointe
391 1554 415 1590 a
443 1564 502 1589 un
530 1554 768 1599 imperatis,
797 1558 884 1591 sert
913 1555 937 1590 a
965 1555 1003 1591 le
1030 1555 1246 1590 renforcer
1275 1555 1318 1589 et
1347 1552 1608 1596 correspond
1638 1551 1661 1586 a
1690 1553 1814 1586 notre
1847 1560 1856 1586 :

222 1625 237 1645 α
260 1614 371 1648 donc
394 1624 421 1648 ».
461 1613 596 1649 Noter
632 1623 715 1658 que
751 1615 941 1659 amnium,
979 1614 1168 1660 quoique
1204 1623 1259 1648 au
1295 1612 1419 1658 sing„
1455 1613 1561 1656 peut
1596 1609 1857 1656 s'employer

215 1674 355 1708 meme
378 1673 526 1718 quand
550 1682 604 1708 on
627 1673 835 1708 s’adresse
860 1674 883 1709 a
906 1673 1117 1718 plusieurs
1140 1681 1388 1718 personnes‚
1425 1680 1593 1706 comme
1628 1669 1855 1715 ayitedum,

219 1732 272 1767 cf.
310 1731 393 1768 Cic.
431 1732 512 1767 Pro
551 1732 671 1769 Sulla
706 1733 859 1769 XXVI
894 1733 945 1769 72
982 1743 990 1768 ε
1027 1744 1041 1766 «
1069 1733 1274 1778 Agedum,
1308 1731 1496 1776 conserte.
1522 1741 1537 1762 »
1568 1749 1623 1754 -
1684 1730 1808 1764 Hanc
1845 1739 1853 1763 ε

215 1791 370 1826 Rome.
405 1791 471 1827 On
501 1791 787 1827 s'attendrait
817 1792 963 1836 plutot
993 1792 1017 1828 a
1049 1792 1171 1828 istam
1201 1791 1272 1836 (cf.
1304 1791 1400 1836 plus
1423 1790 1498 1825 bas
1521 1789 1643 1824 istius
1663 1788 1854 1833 turbae),

209 1859 386 1886 comme
407 1850 445 1886 le
465 1860 692 1896 remarque
711 1850 952 1895 justement
974 1853 1029 1888 M.
1054 1851 1175 1894 Duff,
1198 1851 1272 1897 qui
1292 1859 1423 1896 pense
1445 1848 1550 1895 qu'il
1570 1848 1667 1884 faut
1689 1848 1854 1883 donner

208 1908 263 1945 ici
289 1909 313 1945 3
337 1909 443 1945 lianc
465 1909 504 1945 le
527 1919 623 1946 sens
650 1911 701 1946 de
729 1921 737 1945 :
765 1922 780 1943 «
805 1911 857 1946 de
882 1914 1007 1946 notre
1037 1911 1204 1956 epoque
1229 1922 1257 1953 »‚
1283 1919 1451 1946 comme
1476 1909 1583 1943 dans
1608 1908 1646 1943 le
1671 1915 1852 1952 passage

207 1968 411 2004 suivant:
440 1980 455 2002 «
479 1969 577 2004 Non
603 1979 656 2005 ex
680 1969 791 2005 his...
821 1969 1103 2015 philosophis,
1131 1970 1206 2005 sed
1232 1972 1275 2006 et
1300 1968 1412 2005 ueris
1439 1970 1482 2004 et
1508 1966 1742 2013 antiquis.»
1766 1966 1851 2010 (De

210 2027 282 2063 ΒΓ.
324 2028 405 2065 Vit.
438 2030 480 2065 X
510 2028 566 2072 1.)
598 2029 707 2075 Voy.
738 2029 779 2064 13
807 2032 910 2065 note
939 2039 1011 2065 sur
1042 2029 1138 2065 illas
1167 2029 1273 2074 (VII
1301 2029 1358 2073 3).
1393 2049 1448 2053 —
1505 2025 1808 2073 Frequentiam
1838 2037 1847 2061 ε

203 2086 247 2122 13
272 2087 410 2123 Rome
433 2088 485 2123 de
507 2087 716 2133 l'Empire
741 2088 864 2132 etait,
889 2098 941 2124 en
965 2088 1086 2132 esset,
1110 2089 1197 2125 tres
1222 2088 1461 2134 populeuse
1487 2097 1495 2122 :
1519 2096 1615 2122 vers
1638 2085 1678 2122 le
1701 2084 1848 2121 milieu

204 2146 264 2182 du
294 2147 350 2182 10¹·
376 2146 516 2191 siecle,
545 2146 623 2183 elle
650 2147 799 2184 devait
825 2147 947 2184 avoir
972 2147 1151 2183 environ
1179 2158 1238 2183 un
1265 2147 1429 2184 million
1456 2148 1499 2182 et
1528 2145 1641 2181 demi
1680 2144 1848 2180 d'habi-

204 2208 340 2242 tants.
363 2206 472 2252 Voy.
499 2206 793 2250 Friedlander‚
820 2207 1180 2253 Sittenyeschichte
1218 2208 1234 2243 I
1268 2216 1309 2252 p.
1339 2207 1390 2243 58
1412 2216 1506 2252 sqq.
1530 2205 1599 2251 (Ge
1621 2203 1759 2249 edit.).
1793 2224 1849 2229 —

200 2264 280 2301 VIx
306 2275 350 2300 se
378 2268 583 2310 rapporte
613 2266 637 2302 a
664 2266 906 2311 sufficiunt.
935 2267 1131 2312 Seneque
1159 2277 1212 2303 ne
1240 2277 1284 2302 se
1311 2267 1552 2312 preoccupe
1580 2272 1657 2309 pas
1687 2265 1846 2299 autant

201 2333 287 2370 que
318 2324 377 2360 les
409 2324 644 2371 classiques
676 2326 729 2361 de
759 2325 801 2361 la
831 2325 952 2371 place
982 2326 1189 2372 reguliere
1221 2327 1295 2362 des
1328 2326 1427 2361 adV.
1462 2334 1516 2360 ou
1550 2325 1622 2360 des
1655 2323 1851 2368 comple·

198 2386 357 2427 ments,
386 2383 439 2420 cf.
470 2385 507 2420 V
532 2384 556 2420 6
585 2395 593 2420 ε
622 2395 637 2418 «
661 2384 924 2421 Existimaui
949 2396 1110 2432 semper
1133 2397 1148 2419 »
1175 2388 1218 2422 et
1247 2386 1336 2422 XX
1361 2385 1385 2421 2
1414 2395 1422 2420 :
1452 2395 1481 2425 «s
1495 2385 1543 2420 In
1571 2393 1697 2419 omne
1725 2383 1843 2428 quod

197 2442 326 2479 fuit...
350 2442 476 2479 uadit
495 2444 693 2480 omnibus
713 2445 905 2481 saeculis.
932 2456 946 2478 »
964 2467 1020 2471 —
1077 2445 1266 2482 Ambitio
1289 2455 1297 2480 :
1320 2437 1469 2490 brigue
1487 2443 1636 2489 legale,
1658 2443 1841 2479 ambitus

203 2518 243 2531 =
293 2501 442 2547 brigue
483 2502 673 2548 illegale;
719 2504 772 2539 cf.
809 2503 891 2540 Cic.
927 2505 1010 2540 Pro
1045 2505 1206 2541 Cluenl.
1244 2505 1348 2541 XLI
1383 2504 1475 2540 114.
1508 2524 1564 2528 —
1621 2502 1796 2548 Legatio
1831 2531 1840 2556 :

194 2572 209 2595 α
232 2561 492 2598 ambassade
515 2574 542 2597 ».
575 2583 630 2587 —
689 2563 988 2608 Opportunum
1013 2567 1054 2600 et
1080 2564 1335 2610 opulentum
1362 2574 1369 2598 :
1397 2563 1469 2608 jeu
1496 2564 1549 2599 de
1575 2565 1691 2599 mots
1718 2562 1838 2607 (voy,

195 2620 354 2656 Introd.
383 2629 424 2665 p.
455 2621 622 2667 LVIII)
650 2622 892 2659 consistant
919 2623 1026 2658 dans
1052 2623 1095 2658 13
1120 2622 1436 2659 ressemblance
1469 2623 1522 2658 de
1554 2622 1595 2658 la
1627 2621 1834 2667 premiere

190 2679 359 2725 syllabe
383 2679 727 2726 (homoioarcton)
754 2691 762 2716 :
788 2682 937 2718 tanto‘t
961 2681 1020 2718 les
1046 2683 1163 2718 deux
1187 2685 1302 2719 mots
1328 2685 1405 2718 ont
1429 2682 1466 2718 le
1492 2683 1631 2718 meme
1656 2682 1836 2716 nombre

191 2738 244 2774 de
270 2738 476 2784 syllabes,
503 2749 670 2776 comme
694 2740 748 2776 ici
772 2740 844 2785 (cf.
871 2750 1022 2777 encore
1050 2742 1131 2788 Ep.
1161 2741 1289 2778 XLII
1314 2742 1364 2778 5:
1392 2754 1406 2776 «
1423 2742 1519 2777 Non
1539 2742 1743 2787 pedem...‚
1759 2741 1833 2776 sed

193 2807 378 2843 pennam
403 2799 450 2843 »)‚
477 2799 627 2835 tantast
652 2799 702 2835 ils
729 2802 805 2836 ont
830 2809 889 2835 un
914 2801 1094 2837 nombre
1119 2800 1324 2837 different
1350 2801 1402 2837 de
1427 2800 1627 2847 syllabes‚
1654 2800 1708 2835 cf.
1735 2799 1833 2844 plus

192 2856 273 2892 bas
299 2857 341 2893 X
366 2857 390 2894 3
416 2860 458 2893 et
488 2858 569 2903 Ep.
597 2858 677 2895 CII
702 2859 726 2894 2
753 2869 762 2894 :
788 2870 803 2892 «
827 2859 1164 2896 Promittentiarn
1189 2860 1324 2906 magis
1351 2869 1482 2906 quam
1507 2859 1778 2905 probantium
1802 2870 1830 2894 ».

194 2935 250 2941 —
278 2915 401 2952 Vitsss
423 2916 567 2953 locum
589 2927 797 2964 quaerens
822 2928 830 2953 ε
855 2927 909 2953 on
931 2927 975 2954 se
998 2918 1188 2964 rappelle
1209 2919 1247 2955 le
1270 2922 1362 2956 mot
1385 2919 1548 2955 celebre
1571 2919 1624 2954 de
1646 2917 1794 2954 Tacite
1819 2928 1828 2953 ε
