2195 3345
286 669 324 703 re

435 244 493 289 84
704 259 747 290 L.
785 259 950 290 ANNAEI
983 259 1178 292 SENECAE
1210 260 1530 294 DIALOGORUM
1563 263 1657 294 ΗΒ.
1694 264 1762 295 xn

424 374 613 431 publica
634 376 974 419 constitutione
995 377 1282 421 deciderent.
1304 378 1412 423 Non
1433 380 1778 436 prohibuerunt
1797 381 1967 433 luctus,
1988 383 2068 427 sed

424 446 687 498 finierunt3
718 459 828 489 nam
857 450 907 490 et
935 448 1124 491 infinito
1154 449 1329 500 dolore,
1361 463 1467 494 cum
1497 451 1703 507 aliquem
1732 465 1794 495 ex
1821 454 2070 497 carissimis

424 516 650 568 amiseris,
674 518 817 561 adfici
840 519 987 561 stulta
1012 520 1304 576 indulgentia
1328 525 1415 572 est,
1439 525 1491 565 et
1511 522 1638 565 nullo
1663 523 1920 567 inhumana
1945 525 2072 568 duri—

427 588 493 630 tia
536 602 545 631 ε
583 589 819 645 optimum
857 589 979 633 inter
1017 591 1247 647 pietatem
1283 595 1334 635 et
1368 593 1602 636 rationem
1639 598 2068 650 temperamentum

425 662 500 701 est
518 662 568 702 et
589 660 761 703 sentire
783 661 1067 705 desiderium
1087 666 1138 706 et
1158 664 1436 720 opprimere.
1459 663 1568 707 Non
1589 668 1675 715 est,
1700 666 1827 722 quod
1848 666 1909 709 ad
1932 679 2071 724 quas-

425 730 536 772 dam
580 730 781 774 feminas
825 733 1059 789 respicias,
1107 747 1306 790 quarum
1352 735 1598 778 tristitiam
1643 737 1786 779 semel
1828 741 2070 793 sumptam

426 813 550 843 mors
578 801 740 845 finiuit
767 804 910 860 (nosti
939 805 1184 860 quasdam,
1215 819 1334 862 quae
1361 806 1545 848 amissis
1570 806 1680 849 filiis
1706 808 1911 866 inposita
1939 808 2072 865 lugu-

424 871 526 914 bria
554 885 815 929 numquam
842 877 1098 933 exuerunt)
1128 891 1137 920 ε
1165 890 1191 919 3
1220 881 1267 919 te
1295 878 1400 934 plus
1426 877 1575 933 exigit
1599 878 1701 920 uita
1728 878 1788 921 ab
1816 879 1952 922 initio
1978 879 2073 922 for-

425 943 518 986 tior
543 958 553 994 ;
596 957 690 987 non
732 950 892 1001 potest
931 948 1172 991 muliebris
1213 948 1454 992 excusatio
1499 949 1767 1005 contingere
1808 950 1865 1000 ei,
1907 962 1935 993 a
1977 963 2069 1007 qua

424 1016 584 1059 onmia
626 1016 872 1060 muliebria
914 1019 1031 1061 uitia
1074 1019 1312 1062 afuerunt.
1357 1020 1463 1062 Non
1506 1023 1551 1062 te
1595 1020 1858 1063 maximum
1899 1022 2071 1065 saeculi

504 1131 544 1161 N.
568 1130 604 1162 C.
629 1148 663 1153 —-
689 1131 780 1163 XVI
798 1132 830 1163 2.
857 1133 983 1172 sortior
1003 1134 1035 1164 A
1054 1143 1063 1171 ;
1084 1134 1226 1174 fortiore
1249 1133 1341 1165 coni.
1367 1134 1650 1166 Zimmermann.
1678 1152 1713 1156 —
1741 1135 1833 1166 uitia
1859 1136 2004 1175 suerunt
2024 1135 2068 1174 A,

428 1181 620 1271 {ffugi-{131
634 1181 724 1272 llilagec
747 1183 861 1214 uerba
884 1192 995 1224 supra
1019 1193 1165 1216 uersum
1190 1194 1232 1215 av
1256 1184 1340 1216 add.
1366 1185 1439 1223 A²;
1465 1185 1557 1216 uitia
1580 1186 1749 1225 afuerunt
1778 1185 1952 1224 Fickert;
1978 1185 2070 1218 uitia

426 1329 470 1363 in
506 1329 662 1374 quibus
691 1330 891 1375 publicae
907 1332 1222 1367 constitutiones
1249 1331 1515 1367 inciduntur.
1541 1344 1556 1365 »
1585 1352 1640 1356 --
1699 1332 1977 1368 Deciderant:
2003 1332 2069 1369 de—

427 1388 559 1424 cidere
601 1406 639 1418 =
679 1400 693 1424 «
714 1399 961 1435 composer,
1004 1391 1218 1436 transiger
1241 1402 1269 1435 »‚
1310 1391 1365 1426 cf.
1413 1391 1480 1426 Ad
1520 1391 1665 1436 Polyb.
1708 1391 1800 1427 XII
1835 1391 1854 1426 1
1893 1401 1902 1427 :
1947 1402 1963 1426 «
1986 1391 2068 1427 Pro

428 1448 623 1484 omnium
662 1449 816 1485 horum
852 1449 992 1485 salute
1031 1450 1113 1485 hac
1154 1452 1284 1486 tecum
1323 1450 1522 1495 portione
1554 1450 1756 1486 Fortuna
1790 1450 1992 1494 decidit»,
2025 1453 2069 1487 et

429 1507 602 1543 Martial
637 1509 702 1544 IX
732 1509 772 1552 3,
805 1509 902 1545 5-6:
937 1521 952 1544 «
975 1509 1267 1546 Conturbabit
1291 1510 1358 1555 (=
1386 1519 1401 1543 «
1418 1509 1509 1544 fera
1540 1510 1841 1554 banqueroute
1859 1509 1890 1554 n)
1921 1509 2062 1554 Atlas,

427 1569 471 1602 et
502 1576 588 1602 non
620 1568 700 1604 erit
730 1569 859 1604 uncia
888 1571 987 1605 tota
1017 1570 1050 1613 ,l
1075 1570 1250 1605 Decidat
1279 1571 1410 1604 tecum
1441 1578 1527 1614 qua
1558 1570 1683 1613 pater
1707 1569 1799 1613 ipse
1821 1569 1995 1604 deum.»
2013 1589 2067 1594 —

428 1626 651 1662 Finierunt
679 1638 687 1663 :
716 1628 846 1673 finire
883 1645 921 1657 z
954 1637 1040 1663 non
1069 1638 1145 1673 pas
1176 1639 1184 1664 :
1216 1640 1230 1662 «
1251 1628 1352 1663 finir
1376 1640 1404 1672 »,
1433 1628 1540 1663 mais
1571 1628 1798 1673 «assigner
1825 1637 1885 1663 un
1911 1630 2065 1672 terme,

426 1694 512 1720 une
536 1686 674 1723 limite
698 1699 712 1722 »
738 1688 894 1733 (sinis).
927 1708 983 1713 ——
1039 1688 1311 1734 Indulgentia
1339 1698 1346 1723 :
1376 1687 1429 1723 cf.
1462 1688 1504 1723 II
1532 1688 1569 1723 1.
1600 1687 1748 1732 Quant
1773 1687 1798 1723 a
1822 1687 1962 1732 l’idee,
1990 1687 2068 1724 elle

427 1748 493 1781 est
521 1747 742 1783 conforme
772 1757 827 1783 au
855 1747 1088 1791 stoicisme,
1119 1748 1193 1793 qui
1222 1748 1343 1792 place
1371 1747 1414 1782 la
1441 1747 1585 1782 raison
1616 1747 1841 1782 au-dessus
1871 1747 1924 1782 de
1951 1748 2066 1783 tout.

429 1810 480 1846 Se
508 1808 755 1853 complaire,
784 1807 1017 1850 d’ailleurs,
1046 1806 1153 1841 dans
1182 1816 1229 1841 sa
1256 1806 1438 1841 douleur
1464 1806 1656 1849 devient,
1677 1805 1764 1841 ala
1787 1805 1959 1851 longue‚
1982 1815 2067 1840 une

427 1871 543 1904 sorte
558 1868 723 1903 d'amer
737 1867 897 1912 plaisir,
912 1868 1060 1902 contre
1077 1866 1178 1911 quoi
1202 1866 1231 1901 il
1255 1866 1352 1901 faut
1367 1865 1503 1902 lutter
1517 1875 1645 1910 parce
1668 1865 1774 1911 qu’il
1798 1867 1863 1902 est
1882 1865 2067 1911 ego'iste:

429 1940 444 1962 «
466 1929 532 1963 Ab
555 1927 758 1962 inanibus
782 1926 949 1961 solaciis
975 1929 1107 1971 atque
1132 1935 1278 1961 amam
1302 1926 1483 1971 quadam
1507 1925 1684 1960 libidine
1708 1925 1874 1960 dolendi
1897 1925 2066 1960 animus

426 1986 696 2031 recipiendus
717 1987 795 2021 est.
822 1997 836 2019 »
855 1985 945 2030 (Ad
966 1985 1109 2030 Polyb.
1136 1985 1195 2020 IV
1215 1985 1272 2029 1.)
1303 2005 1358 2009 —
1415 1985 1661 2020 Inhumana
1680 1984 1837 2020 duritia
1858 1995 1866 2019 ε
1887 1984 2065 2029 parmis,

428 2046 557 2082 fidele
595 2055 683 2081 aux
719 2045 851 2081 vieux
889 2045 1063 2089 dogmes
1102 2044 1320 2087 stoiciens‚
1361 2044 1555 2089 seneque
1592 2043 1775 2079 interdit
1811 2043 1870 2079 les
1908 2043 2064 2079 larmes

428 2106 532 2151 (Ep.
557 2105 653 2142 CIV
676 2105 741 2149 11,
765 2104 906 2141 CXVI
928 2104 971 2149 2)
996 2115 1005 2147 3
1027 2104 1150 2147 mais,
1174 2104 1323 2149 quand
1343 2104 1372 2138 il
1393 2103 1519 2139 laisse
1541 2103 1681 2148 parler
1703 2112 1780 2138 son
1803 2112 1934 2147 coeur,
1958 2103 2065 2139 c'est

427 2175 487 2200 un
506 2167 606 2201 tout
627 2167 750 2200 autre
769 2164 964 2209 langage‚
987 2164 1085 2199 bien
1105 2164 1200 2208 plus
1222 2163 1416 2207 humain,
1438 2163 1491 2198 ci.
1517 2163 1598 2208 Ep.
1623 2162 1770 2198 XCIX
1791 2162 1842 2198 15
1864 2173 1873 2198 :
1896 2173 1911 2197 «
1935 2162 2065 2198 Inhu-

428 2225 612 2260 manitas
644 2226 701 2260 est
734 2224 827 2267 ista,
860 2234 944 2258 non
979 2223 1128 2266 uirtus,
1161 2223 1315 2258 funera
1347 2230 1524 2259 suorum
1554 2222 1693 2257 isdem
1725 2222 1873 2266 oculis,
1907 2221 2064 2267 quibus

427 2284 558 2328 ipsos,
581 2283 727 2319 uidere
750 2293 829 2318 nec
852 2282 1115 2318 commoneri
1139 2282 1194 2317 ad
1218 2282 1404 2327 primam
1427 2282 1707 2317 familiarium
1731 2281 2065 2317 diuulsionem...

431 2343 655 2387 Quaedam
689 2343 928 2388 (lacrimae)
961 2344 1064 2378 sunt
1098 2342 1164 2377 sui
1196 2342 1313 2377 iuris.
1351 2341 1574 2377 Excidunt
1608 2341 1742 2376 etiam
1775 2340 2066 2376 retinentibus

427 2402 630 2438 lacrimae
657 2405 699 2438 et
726 2402 920 2437 animum
946 2402 1148 2446 profusae
1173 2401 1337 2437 leuant.
1363 2413 1378 2435 »
1407 2401 1441 2436 Il
1466 2401 1547 2436 fait
1574 2401 1713 2436 meme
1739 2402 1808 2436 cet
1834 2409 1945 2436 aveu
1969 2401 2067 2436 tou-

429 2462 563 2497 chant
585 2473 593 2497 ε
618 2473 633 2496 «
654 2462 883 2497 Annaeum
905 2461 1127 2504 Serenum,
1145 2460 1419 2507 ‘carissimum
1452 2459 1572 2503 mihi,
1595 2461 1678 2495 tam
1714 2459 1917 2495 inmodice
1949 2458 2066 2504 ficui,

431 2524 488 2565 ut,
512 2522 630 2567 quod
654 2521 831 2557 minime
854 2520 1000 2564 uelim,
1027 2520 1132 2555 inter
1156 2520 1344 2565 exempla
1365 2520 1447 2556 sim
1471 2529 1625 2563 eorum,
1650 2530 1750 2565 quos
1774 2520 1888 2555 dolor
1912 2519 2027 2555 uicit.
2053 2531 2068 2553 »

429 2582 532 2627 (Ep.
571 2580 725 2616 LXIII
762 2581 846 2625 14.)
878 2579 933 2616 Ce
968 2579 1073 2625 qu'il
1109 2579 1351 2614 condamne
1387 2588 1442 2614 au
1476 2578 1598 2622 fond,
1625 2579 1733 2614 c’est
1763 2578 2067 2614 l’ostentation

430 2641 534 2686 (Ep.
562 2639 709 2676 XCIX
735 2640 785 2675 16
811 2639 926 2685 sqq.)
951 2648 1007 2674 ou
1030 2639 1072 2674 la
1097 2638 1279 2674 douleur
1303 2638 1377 2684 qui
1402 2648 1456 2673 ne
1480 2639 1657 2673 connait
1682 2638 1809 2682 point
1834 2638 1886 2673 de
1911 2638 2066 2673 bornes

430 2700 656 2746 (infinito),
678 2699 732 2735 cf.
759 2699 827 2735 Ad
849 2700 983 2735 Marc.
1011 2698 1191 2733 IV-VII.
1216 2698 1343 2743 (Voy.
1368 2707 1519 2733 encore
1542 2697 1625 2733 Cic.
1663 2698 1783 2733 Tusc.
1810 2697 1877 2732 III
1908 2696 1976 2740 32,
1999 2697 2067 2740 77,

431 2762 474 2796 et
498 2760 613 2796 saint
633 2760 820 2803 Jerome‚
847 2759 928 2805 Ep.
954 2758 1034 2793 LX
1055 2758 1094 2801 2,
1120 2757 1189 2793 1-2
1213 2768 1223 2801 ;
1248 2757 1306 2802 7.)

516 2817 554 2852 2.
586 2837 642 2841 —
699 2817 916 2861 Quasdam
954 2817 1137 2853 feminas
1176 2828 1185 2852 :
1225 2826 1304 2861 par
1341 2816 1536 2861 exemple
1574 2816 1616 2851 la
1652 2824 1769 2852 soeur
1806 2815 2066 2861 d’Auguste‚

431 2876 614 2912 Octavie
635 2887 644 2920 ;
665 2885 765 2922 voy.
787 2876 826 2911 le
845 2884 1026 2921 passage
1046 2877 1099 2912 de
1118 2876 1160 2911 la
1182 2875 1449 2912 Consolation
1471 2875 1495 2911 ἀ
1518 2875 1687 2911 Marcia
1711 2876 1753 2910 II
1773 2875 1844 2911 4-5
1865 2875 1950 2910 cite
1969 2874 2065 2919 plus

430 2936 506 2971 bas
534 2935 668 2981 (XIX
692 2935 748 2980 3).
770 2955 825 2960 ——
860 2936 1077 2981 Respicias
1099 2946 1108 2971 :
1139 2935 1192 2971 cf.
1215 2936 1277 2971 VI
1298 2935 1335 2971 5.
1357 2955 1412 2960 —
1445 2935 1510 2970 Ab
1530 2935 1653 2970 initio
1673 2935 1848 2970 fortior:
1871 2933 2066 2979 seneque

429 2995 635 3031 continue
656 2995 902 3041 d'indiquer
920 2997 1066 3031 toutes
1086 2995 1146 3030 les
1167 2995 1332 3030 raisons
1354 2994 1456 3040 qu’a
1479 2994 1632 3030 Helvie
1653 2994 1822 3030 d'avoir
1842 2993 2066 3029 confiance

431 3064 481 3090 en
503 3055 742 3090 elle-meme
762 3057 804 3090 et
826 3055 877 3090 de
898 3055 1081 3099 prendre
1102 3062 1284 3099 courage
1308 3065 1317 3097 ;
1340 3054 1392 3089 cf.
1418 3053 1499 3088 XV
1521 3054 1558 3094 4,
1582 3053 1688 3089 XVI
1712 3053 1793 3088 1-2.
