2154 3377
444 192 507 224 AD
544 191 764 224 HELVIAM
798 191 1001 224 MATREM
1035 193 1098 224 DE
1130 193 1509 228 CONSOLATIONE.
1542 196 1606 228 vll
1790 185 1848 231 33

207 313 447 366 tegmenta
475 310 685 366 capitum
712 309 930 366 idemque
956 321 1104 366 genus
1130 310 1427 354 calciamenti
1455 313 1580 368 quod
1599 314 1849 358 Cantabris

205 385 294 429 est,
317 385 367 424 et
391 380 534 424 uerba
560 380 794 438 quaedam
820 395 831 431 ;
856 393 966 424 nam
992 385 1123 424 totus
1147 394 1298 424 sermo
1324 383 1680 426 conuersatione
1708 385 1850 428 Grac-

206 463 366 494 corum
402 452 719 507 Ligurumque
754 464 781 494 a
817 452 970 507 patrio
1006 452 1222 495 desciuit.
1258 452 1501 496 Deductae
1536 454 1704 497 deinde
1746 456 1843 511 (eo)

205 525 319 564 sunt
341 522 460 565 duae
486 522 659 565 ciuium
686 522 1009 565 Romanorum
1034 523 1259 573 coloniae,
1283 523 1432 567 altera
1456 537 1483 566 a
1510 524 1672 574 MariO,
1697 526 1845 569 altera

201 603 232 634 a
254 591 379 636 Sulla
402 607 411 635 :
432 593 607 636 totiens
627 592 764 635 huius
781 593 900 636 aridi
919 596 969 636 et
986 594 1162 650 spinosi
1181 594 1283 637 saxi
1302 598 1518 638 mutatus
1536 599 1610 638 est
1627 597 1846 652 populus.

205 662 298 706 Vix
326 663 527 719 denique
571 664 781 707 inuenies
813 664 957 707 ullam
990 668 1180 714 terram,
1216 678 1359 721 quarn
1391 666 1536 709 etiam
1571 680 1695 710 nunc
1727 668 1849 711 indi-

285 791 328 824 N.
350 791 386 824 C.
411 809 446 816 —-
471 792 594 824 V119.
622 802 660 825 eo
678 793 763 826 add.
784 793 905 826 Gertz.
931 811 964 816 —
987 794 1079 834 sylla
1097 795 1140 826 A.

208 904 372 941 nullam
406 906 601 951 pluuiam
635 916 724 942 esse
755 909 848 942 tarn
881 915 1099 952 magnam,
1134 916 1245 952 quae
1277 910 1438 943 terram
1471 908 1587 945 ultra
1619 910 1767 946 decem
1798 910 1840 946 in

202 963 484 1002 altitudinem
501 967 631 1011 pedes
653 965 917 1002 madefaciat
936 978 964 1008 ι),
987 969 1030 1002 et
1050 976 1117 1012 op.
1140 966 1206 1002 cit.
1236 967 1252 1002 I
1276 967 1314 1010 1,
1336 967 1360 1003 3
1380 977 1388 1002 z
1413 968 1635 1005 «Vidimus
1662 981 1696 1006 <
1714 980 1787 1006 nos
1802 983 1837 1007 >

201 1034 362 1070 quoque
381 1035 464 1061 non
485 1026 608 1061 semel
626 1025 851 1061 flammam
870 1024 1056 1070 ingentis
1076 1025 1188 1070 pilae
1208 1025 1362 1070 specie.
1388 1038 1403 1060 »
1425 1026 1458 1062 Il
1478 1026 1589 1064 aime
1609 1029 1633 1064 a
1652 1028 1842 1065 affirmer

205 1092 284 1118 son
302 1084 479 1129 opinion
498 1084 764 1129 personnelle
782 1087 823 1120 et
842 1085 864 1120 a
882 1084 1096 1129 l’opposer
1111 1085 1136 1120 a
1152 1084 1253 1120 celle
1271 1085 1463 1121 d’autrui
1479 1087 1562 1132 (op.
1575 1088 1640 1123 cit.
1660 1089 1702 1124 II
1717 1088 1839 1132 21‚1;

205 1142 291 1178 VII
321 1143 389 1186 22,
420 1144 474 1189 1).
504 1165 559 1170 —
620 1144 859 1180 Cantabris:
879 1143 1093 1189 peuplade
1113 1144 1307 1190 iberique
1329 1145 1386 1180 du
1404 1146 1512 1181 nord
1534 1147 1586 1182 de
1606 1146 1840 1194 l’Espagne

202 1203 310 1248 (auj.
339 1202 553 1249 Biscaye).
583 1203 848 1249 Longtemps
876 1213 928 1239 en
954 1211 1103 1249 guerre
1130 1213 1236 1239 avec
1256 1204 1314 1239 les
1334 1205 1542 1241 Romains
1569 1206 1641 1251 (cf.
1665 1206 1754 1243 Ces.
1778 1210 1840 1245 De

209 1261 260 1297 Β.
291 1262 337 1298 C.
369 1263 387 1298 I
414 1263 500 1307 38),
527 1261 576 1298 ils
602 1262 748 1298 iurent
774 1262 935 1298 soumis
962 1262 1282 1307 partiellement
1309 1273 1387 1308 par
1413 1265 1622 1310 Auguste,
1650 1268 1693 1302 et
1720 1267 1838 1302 enfin

201 1320 543 1366 completement
577 1331 655 1366 par
688 1321 881 1367 Agrippa
916 1322 1062 1366 (25-19
1088 1332 1156 1358 av.
1181 1323 1324 1368 J.-C.).
1352 1323 1414 1360 Cf.
1442 1324 1559 1360 Suet.
1591 1326 1702 1371 Auq.
1731 1326 1839 1363 XX-

203 1380 350 1424 XXI3
386 1380 537 1417 Florus
575 1381 632 1417 IV
667 1381 733 1424 12,
767 1381 818 1417 46
852 1391 946 1426 sqq.
978 1402 1033 1406 —
1094 1382 1427 1419 conuersatione
1463 1393 1470 1418 :
1507 1383 1559 1419 cf.
1597 1385 1680 1421 XV
1713 1385 1751 1421 2.
1784 1407 1840 1411 —-

197 1439 343 1476 Patrio
361 1450 369 1475 :
387 1450 480 1476 S.-e.
497 1451 695 1476 sermone.
728 1438 791 1466 --’
840 1441 1101 1477 Deductae...
1125 1446 1252 1477 sunt:
1285 1442 1515 1478 «deducere
1540 1446 1605 1479 est
1633 1443 1672 1480 le
1700 1447 1838 1482 terme

202 1509 359 1545 propre
390 1509 500 1544 pour
531 1510 546 1532 «
568 1499 721 1535 fonder
750 1510 834 1536 une
865 1500 1080 1537 colonie».
1117 1501 1264 1546 Quant
1296 1511 1351 1536 au
1382 1501 1463 1538 fait
1494 1502 1749 1549 historique‚
1781 1505 1834 1541 cf.

201 1557 337 1602 Pline,
362 1560 460 1595 Not.
485 1559 596 1596 Hist.
625 1559 692 1594 III
714 1560 765 1596 80
789 1570 797 1594 :
822 1572 836 1593 «
859 1560 1056 1596 Colonias
1078 1561 1212 1598 habet
1233 1560 1456 1605 (Corsica),
1481 1562 1722 1598 Marianam
1744 1573 1769 1599 a
1790 1564 1834 1601 C.

199 1617 336 1654 Mario
369 1618 620 1661 deductam,
653 1618 843 1655 Aleriam
875 1629 900 1655 a
933 1619 1146 1656 dictatore
1179 1619 1310 1656 Sulla.
1337 1632 1351 1654 »
1384 1620 1598 1658 C'etaient
1629 1621 1688 1658 les
1721 1623 1837 1660 deux

195 1677 334 1714 seules
359 1676 481 1713 villes
506 1677 702 1713 habite'es
727 1688 806 1723 par
829 1678 888 1714 les
914 1679 1139 1722 Romaim,
1164 1689 1265 1726 voy.
1294 1680 1453 1716 Introd.
1479 1690 1521 1725 p.
1549 1681 1656 1718 XVI
1694 1685 1737 1718 et
1779 1683 1833 1719 ct.

196 1737 349 1782 Pomp.
369 1736 465 1773 Mel.
489 1737 531 1772 II
551 1738 588 1777 7,
609 1738 688 1773 122
707 1748 715 1772 :
737 1749 751 1771 «
777 1739 991 1774 Corsica...
1010 1741 1298 1785 praeterquam
1317 1739 1391 1775 ubi
1413 1740 1558 1776 Aleria
1575 1743 1610 1777 et
1630 1742 1836 1778 Mariana

193 1795 383 1832 coloniae
409 1799 508 1832 sunt
534 1806 559 1832 α
589 1796 779 1832 barbaris
801 1797 962 1832 colitur.
981 1808 997 1831 »
1021 1818 1077 1823 —
1134 1797 1254 1834 Aridi
1279 1802 1322 1834 et
1348 1798 1509 1843 spinosi
1534 1799 1652 1835 saxi:
1682 1802 1834 1846 exage-

191 1855 338 1892 ration
372 1855 603 1892 manifeste
638 1856 721 1891 due
756 1856 779 1892 3
812 1855 854 1891 13
886 1856 1137 1903 rhetorique
1170 1857 1243 1902 (cf.
1279 1857 1375 1902 plus
1409 1858 1518 1894 haut
1551 1858 1592 1894 la
1626 1862 1729 1895 note
1761 1870 1835 1896 sur

193 1915 449 1961 inportuosi)
477 1925 485 1949 :
522 1913 608 1950 l’ile
640 1914 749 1951 etait
775 1918 981 1951 converte
1007 1916 1060 1951 de
1085 1915 1216 1952 belles
1242 1915 1390 1953 foretS.
1421 1917 1666 1961 D'ailleurs,
1683 1918 1720 1954 le
1740 1922 1833 1956 mot

189 1984 341 2010 saxum
378 1983 432 2009 ne
467 1972 712 2019 s’applique
749 1974 1071 2019 generalement
1115 1975 1219 2020 qu'a
1263 1976 1316 2011 de
1360 1978 1508 2012 toutes
1545 1976 1704 2022 petites
1741 1978 1829 2015 iles.

191 2033 300 2079 Voy.
332 2033 490 2069 Introd.
527 2034 547 2078 ξ
574 2033 612 2068 6.
645 2053 700 2057 -
755 2032 896 2069 Vllam
921 2037 1082 2070 terram
1108 2044 1284 2080 quam...
1312 2035 1538 2081 indigenae
1565 2036 1710 2072 colant
1738 2047 1746 2072 :
1776 2047 1831 2073 on

190 2092 275 2128 sait
298 2092 404 2138 qu'il
426 2102 480 2128 ne
503 2091 733 2138 manquait
757 2101 834 2137 pas
858 2092 912 2128 de
933 2092 1110 2138 peuples
1135 2093 1242 2129 dans
1265 2093 1519 2140 l'antiquite
1542 2104 1652 2140 pour
1673 2105 1718 2131 se
1741 2096 1831 2132 dire

190 2152 493 2188 autochtones.
531 2151 565 2187 Il
594 2151 692 2188 faut
723 2151 836 2186 donc
864 2151 1028 2188 relever
1056 2151 1112 2187 ici
1141 2152 1267 2189 l'idee
1298 2153 1505 2199 originale
1536 2155 1588 2190 de
1620 2155 1830 2202 seneque,

188 2221 273 2257 que
300 2210 342 2246 la
369 2211 535 2246 science
563 2211 768 2247 moderne
796 2213 861 2246 est
888 2221 1029 2247 venue
1055 2211 1300 2248 confirmer.
1331 2213 1415 2248 Par
1442 2214 1656 2250 certaines
1685 2215 1738 2251 de
1764 2225 1830 2251 ses

187 2270 304 2306 idees
324 2272 393 2306 cet
413 2269 547 2315 esprit
566 2269 744 2306 curieux
764 2272 807 2306 et
826 2270 1013 2315 profond
1033 2280 1058 2306 a
1077 2272 1269 2307 devance
1288 2279 1366 2307 son
1387 2273 1569 2319 epoque‚
1589 2283 1668 2318 par
1687 2284 1830 2310 exem-

187 2329 258 2375 ple
287 2329 483 2375 lorsqu’il
514 2328 677 2375 signale
707 2329 767 2365 les
799 2329 976 2366 etroites
1007 2329 1167 2367 limites
1200 2331 1274 2366 des
1306 2332 1636 2368 connaissances
1669 2333 1721 2369 de
1751 2343 1829 2369 son

191 2392 335 2434 temps
370 2391 414 2425 et
448 2388 553 2434 qu'il
587 2389 806 2435 proclame
838 2389 877 2425 18
910 2391 1084 2436 progres
1118 2390 1300 2427 indetini
1335 2392 1388 2427 de
1427 2391 1469 2427 la
1508 2392 1674 2428 science
1707 2393 1826 2438 (Nat.

190 2449 355 2494 Quaest.
389 2448 476 2484 VII
506 2449 578 2494 25)
611 2459 619 2484 :
655 2460 670 2482 «
693 2448 833 2485 Multa
862 2452 979 2493 sunt,
1011 2460 1115 2496 quae
1145 2461 1231 2486 esse
1261 2451 1538 2494 concedimus,
1569 2452 1714 2498 qualia
1743 2453 1829 2488 sint

190 2508 437 2554 iqnoramus
460 2519 475 2542 n
504 2508 551 2554 (ξ
583 2509 640 2554 1),
673 2507 866 2545 «Veniet
895 2511 1084 2554 tempus,
1115 2520 1193 2556 quo
1224 2510 1378 2556 posteri
1407 2511 1540 2546 nostri
1570 2513 1654 2546 tam
1684 2513 1828 2557 aperta

183 2577 261 2603 nos
293 2566 473 2602 nescisse
505 2567 746 2604 mirentur»
779 2568 826 2613 (ξ
860 2568 916 2613 5),
952 2579 967 2602 «
990 2568 1195 2604 Contenti
1227 2569 1361 2605 simus
1393 2569 1584 2606 inuentis
1620 2580 1628 2605 :
1664 2570 1827 2616 aliquid

187 2626 356 2662 ueritati
389 2628 424 2661 et
457 2627 612 2672 posteri
644 2628 869 2673 conserant.
895 2638 910 2661 »
933 2627 980 2673 (ξ
1005 2628 1060 2673 7).
1088 2627 1255 2664 Partois
1280 2629 1435 2672 meme,
1458 2628 1489 2664 il
1511 2629 1673 2665 semble
1703 2629 1825 2664 avoir

185 2684 429 2722 l'intuition
457 2685 530 2721 des
559 2686 842 2723 decouvertes
870 2686 923 2722 de
949 2685 1131 2723 l’avenir
1159 2697 1168 2722 :
1198 2697 1251 2723 ne
1278 2687 1530 2724 croirait—on
1557 2697 1634 2733 pas
1663 2687 1768 2733 qu’il
1795 2698 1823 2734 y

184 2744 247 2781 ait
269 2754 329 2780 un
354 2744 691 2789 pressentiment
715 2746 768 2782 de
792 2745 896 2781 celle
919 2745 972 2782 de
995 2745 1260 2792 l'Amerique
1285 2747 1393 2783 dans
1418 2747 1476 2783 les
1503 2757 1598 2783 vers
1623 2746 1821 2783 suivants

181 2803 237 2840 de
252 2812 300 2840 53
318 2804 461 2840 Μέαέε
476 2804 679 2841 375-379;
698 2815 713 2838 «
735 2803 921 2841 Venient
938 2804 1060 2841 annis
1077 2805 1248 2842 saecula
1263 2806 1381 2850 seris,
1406 2807 1422 2850 l
1444 2806 1607 2852 Quibus
1625 2805 1821 2843 Oceanus

182 2862 360 2898 uincula
399 2864 582 2907 returns
603 2864 743 2900 Laxet
784 2867 828 2900 et
871 2864 1018 2910 inqens
1059 2866 1198 2911 pateat
1238 2866 1396 2909 tellus]
1425 2865 1650 2911 Tethysque
1690 2875 1821 2900 nouos

186 2922 345 2968 deteyat
366 2922 482 2958 orbes
505 2923 522 2966 l
543 2922 633 2959 Nec
654 2923 710 2960 sit
733 2922 857 2960 terris
880 2922 1036 2960 ultima
1057 2924 1208 2960 Thule.
1234 2936 1248 2958 »
1278 2945 1333 2950 —-
1391 2924 1579 2960 Insiticia
1604 2934 1613 2959 :
1637 2923 1678 2959 la
1700 2923 1822 2969 lecon
