2195 3345
433 223 489 266 62
730 234 772 264 L.
811 232 972 264 ANNAEI
1005 233 1199 264 SENEGAE
1232 232 1552 264 DIALOGORUM
1580 233 1673 264 LIB.
1705 234 1772 264 XII

432 352 615 395 insania
636 351 895 408 pretiosum
914 353 965 393 et
983 362 1226 397 seruorum
1246 349 1453 401 turbam,
1476 362 1596 406 quae
1618 350 1837 407 quamuis
1856 362 2077 407 magnam

435 424 629 466 domum
674 424 912 478 angustet,
959 421 1279 464 iumentorum
1324 435 1519 479 corpora
1581 421 1770 464 differta
1818 424 1868 464 et
1912 425 2077 466 coacta

434 495 733 551 pinguescere
767 496 818 535 et
850 492 1099 535 nationum
1132 493 1345 536 omnium
1379 493 1558 550 lapides
1596 507 1605 536 :
1639 492 1731 535 ista
1766 495 2079 549 congerantur

433 564 558 615 licet,
595 576 856 620 numquam
890 563 1153 619 explebunt
1184 563 1516 621 inexplebilem
1549 564 1778 615 animum,
1804 576 1900 607 non
1929 564 2079 621 magis

435 649 578 692 quam
612 636 734 678 ullus
766 635 975 677 sufficiet
1006 648 1142 678 umor
1174 635 1234 678 ad
1269 635 1542 678 satiandum
1574 649 1698 686 eum,
1727 635 1859 679 cuius
1899 635 2080 679 deside-

434 707 555 750 rium
584 720 678 749 non
705 719 766 749 ex
790 706 949 762 inopia
977 706 1057 749 sed
1085 719 1147 749 ex
1170 710 1306 750 aestu
1334 707 1605 750 ardentium
1631 707 1865 750 uiscerum
1891 707 2042 750 oritur
2067 721 2079 757 ;

437 943 575 988 pieces
612 943 923 988 d'argenterie3
959 943 1012 979 cf.
1055 944 1115 979 De
1160 943 1308 988 Tranq.
1351 943 1433 978 An.
1477 943 1492 977 I
1530 943 1552 977 7
1583 953 1590 977 :
1630 943 1904 988 «Argentum
1939 951 2070 988 graue

437 1002 587 1038 rustici
626 1002 762 1046 patris
802 1003 893 1038 sine
935 1003 1017 1038 ullo
1057 1002 1225 1038 nomine
1267 1002 1500 1046 artificis.»
1546 1022 1601 1026 —
1665 1003 1749 1038 Aes
1790 1002 2023 1047 pretiosum
2063 1013 2072 1038 :

440 1063 597 1097 bronze
621 1061 673 1097 de
699 1061 916 1106 Corintho,
942 1062 1198 1098 hautement
1224 1062 1422 1106 appreeie
1448 1062 1471 1097 a
1498 1062 1635 1097 Rome
1663 1072 1671 1096 :
1699 1073 1713 1095 «
1739 1062 1865 1097 Illum
1887 1063 1938 1098 tu
1962 1062 2071 1098 otio-

438 1131 534 1156 sum
565 1129 710 1164 uocas,
744 1121 817 1167 qui
852 1121 1083 1164 Corinthia,
1116 1131 1347 1167 paucorum
1377 1121 1515 1166 surore
1548 1121 1742 1166 pretiosa,
1777 1121 1907 1156 anxia
1938 1121 2076 1166 supti-

438 1181 563 1216 litate
590 1175 822 1216 concinnat
849 1183 892 1216 et
918 1181 1125 1216 maiorem
1152 1181 1313 1216 dierum
1339 1183 1509 1225 partem
1535 1181 1579 1216 in
1607 1181 1869 1226 aeruginosis
1895 1180 2076 1216 lamellis

439 1240 668 1276 consumit.
695 1252 709 1274 »
729 1240 812 1285 (De
831 1241 903 1276 ΒΓ.
937 1241 1016 1276 Vit.
1041 1240 1131 1275 XII
1152 1240 1195 1285 2)
1220 1251 1229 1284 ;
1251 1240 1303 1276 cf.
1328 1240 1468 1284 Stace,
1495 1240 1570 1276 Sil.
1598 1241 1640 1275 II
1660 1240 1699 1283 2,
1721 1240 1772 1276 68
1797 1251 1804 1275 ;
1840 1251 1856 1273 «
1882 1240 2079 1286 Aeraque

440 1301 493 1335 ab
514 1299 758 1335 Isthmiacis
773 1310 874 1335 auro
889 1300 1051 1345 potiora
1066 1300 1237 1335 fauillis.
1263 1311 1278 1333 ›>
1307 1320 1362 1324 -—
1422 1300 1653 1335 Sel-uorum
1667 1300 1839 1335 turbam
1856 1310 1863 1334 :
1882 1299 2077 1345 seneque

439 1359 557 1403 parle
590 1359 614 1394 ἐι
646 1359 741 1403 plus
775 1359 904 1395 d'une
936 1359 1095 1403 reprise
1128 1359 1185 1394 du
1218 1360 1397 1395 nombre
1431 1359 1603 1394 e'norme
1637 1359 1872 1395 d’esclaves
1905 1359 2012 1404 qu’il
2046 1368 2074 1405 y

440 1419 560 1454 avait
583 1419 606 1454 a
629 1419 790 1462 Rome3
813 1418 865 1454 cf.
893 1418 974 1464 Ep.
1000 1418 1131 1454 XVII
1152 1418 1176 1454 3
1201 1429 1208 1453 :
1234 1418 1409 1453 «Turba
1429 1426 1667 1462 seruorum,
1691 1418 1746 1453 ad
1768 1426 1874 1464 quos
1897 1426 2076 1463 pascen-

440 1478 516 1513 dos
558 1478 949 1514 transmarinarum
989 1478 1212 1523 regionum
1264 1480 1328 1514 est
1379 1477 1574 1522 optanda
1616 1478 1817 1513 fertilitas
1842 1489 1870 1520 ›>,
1921 1479 1963 1513 et
2009 1478 2071 1513 De

443 1538 566 1573 Clem.
598 1538 615 1572 I
640 1537 706 1580 24,
735 1538 754 1572 1
784 1547 791 1572 :
821 1548 834 1571 «
858 1537 987 1573 Dicta
1011 1540 1075 1573 est
1101 1537 1335 1583 aliquando
1361 1547 1385 1571 a
1409 1539 1565 1572 senatu
1590 1537 1823 1580 sententia,
1849 1538 1900 1572 ut
1923 1545 2070 1572 seruos

441 1607 465 1631 a
488 1597 630 1632 liberis
657 1597 797 1632 cultus
824 1596 1108 1642 distingueret
1132 1608 1141 1639 ;
1168 1597 1322 1632 deinde
1348 1596 1567 1640 adparuit,
1594 1598 1810 1641 quantum
1835 1595 2074 1640 periculum

439 1656 683 1700 inmineret,
719 1656 754 1691 si
787 1656 899 1692 serui
932 1656 1069 1692 nostri
1104 1666 1329 1691 numerare
1363 1665 1439 1691 nos
1475 1656 1770 1700 coepissent.»
1807 1655 1953 1700 Quant
1988 1664 2076 1692 aux

439 1716 554 1751 idees
574 1716 887 1752 humanitaires
909 1716 960 1751 de
980 1716 1173 1761 Seneque
1192 1725 1263 1750 sur
1282 1716 1339 1750 les
1362 1716 1565 1759 esclaves,
1586 1725 1685 1761 voy.
1707 1716 1881 1751 surtout
1900 1722 1948 1750 sa
1967 1715 2076 1751 belle

440 1776 571 1811 Lettre
603 1775 784 1810 XLVII.
817 1796 872 1799 —
930 1775 1136 1819 Quamuis
1169 1785 1177 1810 :
1209 1777 1333 1819 porte
1364 1783 1437 1810 sur
1466 1785 1678 1820 maqnam.
1720 1774 1800 1810 Sur
1829 1774 1867 1810 16
1897 1782 1993 1810 sens
2025 1774 2078 1809 de

441 1835 650 1881 quamuis,
680 1844 780 1880 voy.
814 1835 856 1870 X
887 1835 922 1870 1.
955 1856 1010 1859 —
1068 1835 1365 1870 Iumentorum
1395 1845 1403 1869 :
1434 1835 1492 1870 les
1525 1835 1732 1870 Romains
1762 1834 1959 1870 tenaient
1989 1843 2076 1869 aux
2112 1867 2117 1875 ,

441 1894 569 1930 belles
599 1895 748 1930 mules.
781 1894 974 1940 Seneque
1004 1904 1110 1930 nous
1142 1904 1280 1930 avoue
1310 1894 1415 1940 qu'il
1443 1894 1503 1929 lui
1533 1894 1713 1930 arrivait
1744 1894 1795 1929 de
1824 1893 1968 1939 rougir
1998 1893 2071 1929 des

440 1954 575 1989 mules
603 1954 767 1999 etiques
795 1954 902 1990 dont
927 1954 955 1989 il
981 1964 1024 1989 se
1050 1954 1211 1989 servait
1237 1963 1314 1998 par
1340 1953 1571 1998 simplicite
1596 1953 1848 1997 sto'icienne,
1876 1953 2024 1999 quand
2045 1952 2074 1988 il

439 2013 706 2049 rencontrait
723 2014 907 2059 quelque
925 2014 991 2048 bel
1009 2014 1218 2059 equipage
1234 2014 1336 2059 (Ep.
1357 2013 1618 2049 LXXXVII
1635 2013 1738 2058 3-4).
1760 2033 1815 2038 —-
1872 2013 2050 2058 Lapides
2066 2023 2075 2048 :

442 2084 457 2105 «
478 2073 668 2107 marbres
692 2084 719 2108 ».
756 2073 864 2118 Voy.
906 2073 1060 2108 Introd.
1092 2082 1133 2118 p.
1181 2073 1312 2108 LXV.
1367 2094 1423 2098 —
1480 2073 1595 2108 Licet
1621 2073 1752 2118 garde
1774 2073 1828 2108 ici
1854 2080 1902 2107 sa
1924 2072 2074 2108 valeur

441 2132 493 2167 de
522 2132 658 2167 forme
686 2132 859 2167 verbale
889 2135 932 2168 et
961 2132 1073 2168 n'est
1102 2142 1178 2177 pas
1207 2133 1245 2168 16
1274 2133 1426 2177 simple
1456 2133 1708 2178 equivalent
1737 2132 1790 2168 de
1819 2141 2072 2178 quamquam

441 2201 607 2227 comme
643 2201 696 2226 au
731 2192 855 2236 chap.
897 2192 913 2227 I
948 2192 986 2228 4.
1024 2193 1142 2227 Dans
1178 2202 1224 2228 ce
1258 2201 1342 2236 cas,
1379 2192 1574 2238 Seneque
1607 2192 1646 2227 le
1679 2192 1801 2236 place
1841 2191 2077 2228 volontiers

441 2251 563 2295 apres
587 2251 625 2286 16
649 2251 793 2295 verbe,
820 2251 872 2286 cf.
904 2252 964 2287 De
998 2252 1146 2297 Tranq.
1178 2252 1260 2288 Αη.
1288 2252 1374 2287 VII
1399 2252 1422 2287 6
1450 2262 1458 2287 :
1487 2263 1501 2286 «
1524 2252 1702 2288 Constet
1726 2251 1786 2287 illi
1810 2251 1901 2288 licet
1933 2251 2041 2286 fides
2066 2262 2082 2285 »

441 2313 484 2345 et
514 2310 582 2345 Ad
609 2311 752 2355 Polyb.
783 2310 889 2346 XVI
916 2311 939 2346 5
968 2322 975 2346 :
1017 2311 1280 2347 «Faciamus
1320 2312 1411 2347 licet
1434 2323 1461 2347 ›>,
1504 2331 1559 2336 —
1619 2311 1859 2356 Explebunt
1894 2310 2079 2355 inexple-

441 2369 568 2405 bilem
595 2380 602 2405 :
630 2370 682 2405 cf.
714 2371 756 2405 II
783 2370 805 2405 5
831 2370 986 2416 (luyere
1013 2371 1153 2416 uiuos)
1179 2373 1222 2407 et
1250 2371 1291 2406 X
1316 2371 1340 2407 6
1367 2371 1545 2417 (capias,
1572 2371 1752 2416 cupere).
1801 2390 1857 2395 ——
1910 2371 2041 2406 Vmor
2067 2380 2076 2405 :

441 2431 534 2464 mot
565 2429 616 2464 de
647 2430 688 2464 la
718 2430 873 2475 langue
904 2430 1122 2476 poetique.
1155 2431 1264 2476 Voy.
1302 2431 1457 2466 Introd.
1500 2431 1519 2476 ξ
1550 2430 1616 2466 32.
1655 2450 1710 2454 -
1769 2429 2036 2465 Desiderium
2067 2439 2076 2464 :

442 2498 609 2524 comme
624 2489 662 2524 le
677 2490 806 2525 verbe
823 2490 1053 2525 desiderare
1070 2490 1176 2525 dans
1195 2500 1241 2525 ce
1258 2490 1527 2535 paragraphe
1543 2492 1586 2525 et
1602 2490 1660 2525 les
1678 2489 1793 2525 deux
1809 2488 2080 2534 precedents‚

441 2548 692 2584 desiderium
711 2549 901 2593 exprime
920 2549 1044 2585 l'idee
1064 2549 1116 2585 de
1135 2549 1244 2585 de'sit·
1264 2549 1555 2594 accompagne
1577 2549 1634 2584 du
1653 2550 1784 2594 reqret
1803 2549 1855 2584 de
1874 2558 1921 2584 66
1941 2548 2074 2594 qu'on

443 2617 468 2642 a
488 2608 623 2652 perdu
637 2618 647 2652 ;
670 2608 722 2644 cf.
748 2608 829 2644 Cic.
858 2610 918 2645 De
944 2610 1038 2645 Sen.
1064 2609 1146 2645 XV
1167 2609 1218 2645 54
1241 2620 1248 2645 :
1273 2609 1517 2645 «Homerus
1525 2637 1594 2644 .....
1620 2609 1821 2645 Laertem
1841 2608 2076 2644 lenientem

442 2667 707 2711 desiderium,
743 2669 859 2713 quod
894 2669 1095 2714 capiebat
1129 2679 1150 2704 e
1184 2669 1288 2713 filio,
1325 2669 1477 2704 ...facit
1510 2668 1577 2714 (=
1616 2667 1893 2713 represente).
1919 2678 1935 2701 »
1969 2666 2076 2702 Mais

443 2727 603 2771 parfois
631 2737 698 2762 ces
727 2727 841 2763 deux
868 2730 981 2764 mots
1009 2728 1260 2774 equivalent
1287 2738 1471 2774 presque
1500 2738 1507 2763 :
1536 2727 1789 2763 desiderium
1815 2727 1839 2763 a
1866 2726 2078 2772 cupiditas

444 2789 487 2822 et
517 2786 746 2822 desiderare
778 2787 801 2822 a
831 2797 1005 2833 cupere;
1039 2788 1090 2823 cf.
1129 2788 1190 2823 De
1223 2788 1294 2823 Bt.
1338 2788 1418 2824 Vit.
1451 2787 1538 2823 VII
1569 2787 1592 2823 8
1618 2797 1626 2823 :
1660 2787 1846 2823 «Futuri
1876 2785 2079 2822 desiderio

443 2846 615 2882 laborat
638 2858 653 2881 »
677 2849 719 2882 et
744 2846 826 2882 Cic.
862 2847 980 2883 Tusc.
1011 2847 1077 2883 III
1101 2847 1168 2891 23,
1194 2847 1244 2883 56
1271 2858 1278 2882 :
1305 2858 1320 2881 «
1344 2847 1483 2892 Quam
1506 2856 1647 2892 pauca
1669 2847 1757 2883 sint
1781 2855 1893 2892 quae
1916 2847 2076 2882 natura

446 2905 653 2941 desideret.
679 2917 693 2940 »
722 2906 788 2942 On
814 2908 969 2942 trouve
997 2908 1150 2951 meme,
1180 2907 1282 2942 chez
1311 2907 1518 2952 seneque,
1548 2906 1754 2942 desideria
1787 2915 1894 2942 avec
1919 2905 1957 2941 16
1984 2912 2080 2941 sens

447 2964 498 2999 de
518 2975 533 2998 «
555 2965 723 3001 besoins
747 2977 775 3009 ›>,
796 2965 848 3001 cf.
872 2977 879 3001 :
903 2977 917 3000 «
940 2965 1136 3011 Corporis
1157 2966 1313 3011 exigua
1331 2966 1536 3002 desideria
1561 2968 1677 3002 sunt.
1703 2977 1718 3000 »
1735 2965 1827 3012 (Ad
1845 2965 1938 3001 Hel.
1961 2964 2003 3000 X
2019 2964 2081 3010 2.)
