2195 3345
443 226 529 270 106
737 240 780 270 L.
815 240 978 272 ANNAEI
1012 240 1207 272 SENECAE
1239 242 1559 274 DIALOGORUM
1594 242 1686 274 LIB.
1723 243 1791 274 xii

440 357 841 412 quemadmodum
859 357 1066 401 efferret.
1086 358 1211 401 Huic
1227 371 1389 414 parem
1406 359 1636 402 uirtutem
1653 360 1877 402 exhibeas
1894 363 2085 416 oportet

439 432 488 469 et
512 427 724 470 animum
746 441 773 470 a
792 428 924 471 luctu
949 429 1147 485 recipias
1171 433 1221 472 et
1245 430 1291 472 id
1313 441 1440 486 agas,
1467 443 1523 473 ne
1551 431 1656 486 quis
1680 433 1727 473 te
1753 434 1893 487 putet
1917 435 2083 487 partus

439 498 509 540 tui
542 499 797 554 paenitere.

529 569 629 612 XX.
663 595 708 599 ——
735 570 968 620 Ceterum,
994 571 1104 627 quia
1127 584 1313 614 necesse
1335 575 1422 622 est,
1447 585 1554 615 cum
1576 573 1735 615 omnia
1757 573 1936 624 feceris,
1960 574 2085 630 cogi-

439 640 646 682 tationes
673 643 836 683 tamen
863 644 972 684 tuas
1000 641 1198 685 subinde
1227 643 1287 685 ad
1316 656 1389 685 me
1418 657 1650 687 recurrere
1680 657 1766 688 nec
1793 657 2081 702 quemquam

439 723 565 754 nunc
596 724 657 753 ex
687 711 845 754 liberis
877 712 973 755 tuis
1004 713 1300 770 frequentius
1332 714 1421 757 tibi
1453 714 1709 765 obuersari,
1743 728 1839 758 non
1873 716 1983 773 quia
2015 715 2082 759 illi

438 783 594 824 minus
624 782 718 825 cari
747 787 874 834 sunt,
905 785 986 827 sed
1017 785 1128 841 quia
1157 786 1372 829 naturale
1403 790 1476 830 est
1504 799 1699 830 manum
1728 787 1914 844 saepius
1941 787 2003 831 ad
2032 788 2080 830 id

517 913 557 944 N.
580 913 615 944 C.
641 931 675 936 —-
700 914 776 945 XX
796 915 826 946 1.
854 915 929 946 cari
958 918 1042 946 sunt
1073 917 1131 954 A;
1164 918 1239 948 cari
1270 917 1344 948 sint
1374 924 1432 956 ug.
1466 917 1726 956 (indicatiuum
1758 929 1765 950 z
1798 921 1882 950 sunl
1911 918 2077 951 defendit

442 955 561 992 Gertz,
587 956 686 987 Slnd.
711 956 786 987 crit.
811 965 872 996 pp.
899 956 1079 997 162-163).

438 1071 646 1105 tombeau
670 1082 684 1105 »
722 1071 794 1116 (cf.
833 1072 875 1107 II
908 1073 964 1118 4).
1000 1073 1080 1109 Sur
1105 1073 1164 1109 les
1192 1073 1296 1118 jeux
1317 1073 1369 1109 de
1390 1075 1519 1117 mots,
1542 1083 1641 1120 voy.
1668 1075 1823 1110 Introd.
1846 1083 1887 1119 p.
1912 1073 2074 1111 LVIII.

437 1150 490 1153 —
551 1130 663 1165 Huic
695 1140 842 1175 parem
873 1132 1079 1168 uirtutem
1114 1149 1151 1162 =
1189 1133 1317 1168 huius
1351 1133 1498 1169 uirtuti
1525 1144 1667 1179 parem
1693 1144 1749 1178 ιι,
1775 1134 2075 1179 comparaison

439 1190 619 1235 abregee
636 1190 743 1226 dont
760 1191 987 1236 l’exemple
1005 1192 1232 1238 classique,
1254 1203 1306 1228 en
1323 1201 1434 1238 grec,
1459 1195 1523 1229 est
1542 1204 1549 1227 :
1579 1204 1591 1227 «
1615 1197 1728 1239 Κόμαι
1748 1196 1948 1240 Χαρίτεσσιν
1965 1198 2076 1236 ὁμοῖαι

437 1267 473 1279 z
495 1255 592 1295 κόμαι
621 1255 736 1296 κόμαις
760 1254 915 1297 Χαρίτων
936 1256 965 1287 ὁ.
984 1262 998 1284 )>
1022 1252 1171 1297 (Hom.
1198 1253 1248 1288 Il.
1274 1252 1406 1288 XVII
1423 1253 1505 1297 51).
1526 1252 1600 1288 Ces
1617 1253 1939 1298 conlparaiSOnS
1955 1254 2077 1289 abr&-

437 1310 532 1354 gees
564 1312 664 1346 sont
695 1310 944 1356 frequentes
977 1321 1029 1347 en
1065 1312 1204 1355 latin3
1237 1312 1290 1347 cf.
1326 1312 1409 1348 Cic.
1437 1312 1498 1348 De
1534 1313 1617 1357 Off.
1655 1313 1697 1347 ΙΙ
1730 1313 1768 1356 7,
1799 1312 1851 1349 26
1886 1323 1894 1348 :
1928 1324 1943 1348 «
1966 1313 2077 1349 Pha-

436 1369 550 1412 lariS,
583 1370 702 1405 cuius
736 1372 799 1406 est
832 1373 1004 1415 praeter
1035 1373 1181 1407 ceteros
1213 1372 1447 1408 nobilitata
1469 1372 1701 1408 crudelitas
1726 1383 1773 1415 »3
1804 1372 1894 1409 Ges.
1930 1373 1992 1408 De
2023 1373 2073 1408 B.

440 1429 484 1464 C.
513 1428 653 1465 1139:
686 1429 1002 1474 «captiuorum
1033 1431 1274 1466 orationem
1304 1441 1402 1466 cum
1434 1431 1624 1476 persuyis
1655 1431 1945 1474 conuenire»;
1976 1432 2072 1468 sen.

441 1489 501 1523 De
541 1488 690 1534 Tranq.
728 1490 811 1525 An.
846 1490 937 1525 XII
967 1490 992 1526 3
1025 1501 1032 1525 :
1067 1489 1186 1525 «His
1217 1490 1410 1535 plerique
1431 1490 1614 1526 similem
1637 1491 1777 1526 uitam
1801 1493 1951 1536 agunt.
1977 1502 1992 1526 »
2021 1511 2075 1516 —-

435 1548 482 1584 Id
504 1558 607 1594 agas
632 1559 639 1583 :
667 1549 719 1584 cf.
746 1549 783 1584 V
808 1550 827 1584 1
854 1552 897 1585 et
920 1549 961 1584 la
985 1552 1100 1585 note.

518 1607 608 1643 XX.
648 1609 683 1643 1.
716 1629 772 1632 —
831 1609 1016 1645 Subinde
1048 1620 1056 1644 :
1089 1619 1141 1645 en
1172 1617 1302 1654 usage
1335 1609 1485 1653 depuis
1517 1609 1755 1652 Tite-Live‚
1788 1611 1856 1645 cet
1887 1609 1987 1645 adv.
2020 1609 2073 1645 si-

434 1667 564 1712 gnifie
584 1678 591 1702 :
613 1668 658 1702 10
676 1679 690 1702 «
711 1668 1087 1704 immediatement
1105 1670 1227 1713 apres
1253 1681 1267 1701 ›>
1284 1669 1368 1712 (De
1389 1669 1491 1704 Ben.
1515 1668 1574 1703 IV
1591 1669 1658 1712 40,
1676 1669 1720 1713 2)
1743 1679 1753 1712 ;
1772 1668 1820 1704 20
1835 1689 1890 1694 -
1906 1678 2073 1704 comme

433 1727 486 1762 ici
509 1747 564 1751 —
587 1738 602 1760 «
623 1727 675 1763 de
698 1730 841 1772 temps
866 1738 917 1763 en
941 1731 1082 1773 temps
1107 1740 1135 1771 »‚
1160 1728 1213 1763 cf.
1240 1728 1376 1770 Pline,
1396 1728 1476 1773 Ep.
1504 1728 1520 1762 I
1547 1728 1597 1763 13
1624 1738 1631 1763 :
1659 1739 1674 1762 «
1697 1728 1894 1774 Plerique
1916 1728 1961 1763 in
1983 1730 2072 1764 sta-

433 1786 625 1822 tionibus
669 1787 866 1823 sedent...
913 1797 963 1823 ac
1004 1788 1183 1823 subinde
1226 1787 1307 1822 sibi
1350 1787 1544 1823 nuntiari
1586 1787 1740 1823 iubent
1765 1799 1779 1822 »
1802 1799 1812 1831 3
1861 1787 1909 1823 30
1953 1788 2070 1824 enfin

435 1858 449 1879 «
480 1848 666 1882 souvent
699 1859 713 1880 »
742 1867 798 1871 -—
828 1847 901 1892 qui
933 1857 985 1882 en
1016 1847 1137 1883 vient
1171 1847 1618 1892 etymologiquement
1648 1867 1703 1872 —-
1742 1847 1826 1892 (De
1866 1847 1938 1882 ΒΓ.
1988 1847 2068 1884 Vit.

434 1905 520 1940 VII
544 1906 599 1951 8).
632 1926 686 1930 —-
740 1907 833 1942 Non
856 1907 970 1953 quia,
995 1907 1090 1951 plus
1114 1916 1207 1942 rare
1231 1917 1313 1952 que
1336 1917 1421 1942 non
1444 1907 1551 1952 quod
1572 1916 1626 1942 ou
1650 1917 1728 1952 quo
1752 1917 1760 1942 :
1787 1918 1802 1941 «
1823 1916 1910 1942 non
1933 1916 2017 1953 que
2039 1918 2066 1943 ».

433 1965 685 2001 L'indicatif
713 1966 841 2011 (sunt,
871 1975 969 2011 voy.
998 1966 1044 2001 N.
1078 1966 1155 2011 C.)‚
1186 1967 1374 2012 quoique
1402 1967 1629 2010 incorrect‚
1659 1976 1703 2002 se
1730 1968 1887 2002 trouve
1915 1966 2014 2011 deja
2043 1967 2067 2002 a

431 2025 631 2070 l'epoque
658 2025 869 2071 classique
895 2026 1137 2071 (Tite-Live
1166 2026 1375 2061 XXXIII
1401 2026 1468 2070 27,
1491 2026 1549 2071 6),
1572 2026 1679 2061 mais
1707 2026 2068 2071 exceptionnelle-

432 2087 568 2129 ment,
591 2085 737 2120 tandis
763 2095 846 2130 que
871 2086 971 2120 chez
997 2085 1192 2131 Seneque
1216 2086 1322 2121 c'est
1345 2086 1388 2121 la
1411 2085 1710 2121 construction
1734 2085 1972 2121 habituelle
1993 2085 2065 2131 (cf.

433 2146 553 2180 entre
596 2147 739 2180 autres
786 2146 846 2181 De
879 2145 1016 2181 Const.
1050 2145 1141 2180 XII
1173 2146 1230 2188 33
1267 2146 1327 2181 De
1368 2145 1447 2180 Vit.
1484 2146 1534 2180 Β.
1568 2145 1721 2180 XXIV
1751 2145 1790 2189 3,
1826 2145 1979 2180 XXVI
2010 2145 2067 2188 53

437 2204 498 2239 De
522 2203 624 2239 Ben.
651 2205 668 2239 I
689 2204 728 2247 3,
751 2205 789 2246 7,
815 2205 881 2239 III
903 2205 940 2248 7,
962 2205 1000 2248 3,
1022 2205 1084 2240 VI
1105 2205 1143 2248 4,
1166 2205 1189 2239 4
1214 2216 1223 2248 ;
1248 2205 1345 2241 Ναί.
1371 2205 1534 2249 Quaest.
1561 2205 1579 2240 I
1600 2204 1734 2249 praef.
1770 2204 1814 2249 6)
1838 2215 1848 2247 3
1880 2204 1919 2240 le
1951 2204 2064 2250 subj.

432 2273 485 2298 ne
510 2273 553 2299 se
577 2266 806 2299 rencontre
831 2264 991 2309 qu'une
1015 2265 1131 2300 seule
1156 2264 1235 2300 fois
1262 2264 1365 2309 (Ep.
1405 2264 1576 2300 CXXII
1615 2264 1699 2309 14),
1738 2266 1839 2300 tout
1876 2273 1932 2299 au
1968 2264 2063 2309 plus

435 2323 549 2358 deux
575 2323 655 2358 fois
683 2324 800 2368 (Nat.
832 2324 995 2368 Quaest.
1025 2324 1063 2360 V
1091 2324 1156 2367 17,
1187 2324 1241 2369 1).
1273 2324 1333 2360 Cf.
1366 2324 1509 2367 Gertz,
1539 2323 1655 2359 Stud.
1675 2323 1763 2359 crit.
1793 2332 1834 2368 p.
1859 2323 1951 2359 163.
1982 2323 2065 2359 Par

434 2385 597 2426 contre,
619 2383 778 2418 l'indic.
796 2383 1013 2428 s'impose,
1035 2383 1206 2429 lorsque
1227 2394 1312 2419 non
1335 2383 1434 2429 qnia
1455 2383 1624 2429 signifie
1641 2393 1650 2418 z
1667 2392 1780 2418 «non
1801 2383 1927 2428 point
1943 2392 2066 2429 parce

434 2453 508 2487 que
522 2454 549 2485 »‚
572 2442 624 2477 cf.
647 2442 869 2478 Tite-Live
891 2443 977 2478 VII
997 2443 1064 2487 30,
1088 2443 1163 2478 13:
1185 2453 1199 2476 «
1215 2444 1300 2480 Nec
1321 2443 1434 2478 enim
1455 2452 1570 2478 nunc
1589 2443 1690 2489 quia
1709 2443 1845 2478 dolent
1862 2442 2065 2478 iniuriam

434 2504 659 2546 acceptam
694 2502 924 2546 Samnites,
957 2503 1033 2538 sed
1066 2503 1168 2548 quia
1200 2503 1393 2548 gaudent
1426 2503 1620 2539 oblatam
1654 2502 1735 2537 sibi
1768 2510 1857 2537 esse
1890 2510 2066 2537 causam

433 2564 735 2607 oppugnatum
759 2571 835 2597 nos
859 2563 1043 2598 ueniunt
1066 2574 1081 2597 »
1103 2562 1158 2607 (le
1180 2563 1486 2598 ressentiment
1509 2562 1679 2607 (dolent)
1703 2563 1768 2597 est
1789 2561 1883 2605 reel,
1907 2561 2014 2596 mais
2036 2560 2066 2596 il

432 2621 544 2657 n’est
569 2630 645 2666 pas
670 2621 711 2656 la
736 2622 853 2657 vraie
878 2622 1021 2657 raison
1046 2622 1098 2657 de
1123 2622 1370 2668 l’attaque).
1402 2642 1457 2646 —
1514 2622 1580 2657 Ad
1603 2622 1644 2657 id
1668 2621 1781 2668 quod
1805 2621 1946 2657 doleat
1971 2630 1980 2656 :
2007 2619 2061 2655 cf.

435 2681 516 2726 Ep.
548 2680 693 2716 LXVI
722 2681 773 2717 27
805 2693 812 2717 :
845 2681 1129 2717 «Parentium
1158 2692 1274 2717 amor
1301 2682 1438 2727 magis
1469 2682 1513 2717 in
1542 2691 1603 2725 ea,
1633 2690 1807 2727 quorum
1835 2680 2064 2723 miseretur,

433 2740 622 2776 inclinat.
647 2752 662 2775 »
689 2741 836 2786 Quant
862 2751 916 2776 au
943 2741 1056 2786 subj.
1085 2742 1267 2787 (doleat),
1293 2742 1322 2777 il
1349 2741 1587 2787 s'explique
1613 2750 1781 2777 comme
1807 2740 1931 2776 etant
1957 2739 2064 2774 dans

431 2809 515 2834 une
534 2800 714 2836 relative
733 2801 903 2837 causale
923 2811 978 2836 ou
997 2801 1287 2838 consecutive.
1307 2822 1362 2826 -
1380 2802 1560 2837 Laetum
1579 2804 1620 2836 et
1638 2801 1846 2836 alacrem:
1868 2798 1921 2834 cf.
1947 2798 2006 2833 IV
2023 2797 2062 2833 3.

431 2879 485 2883 —
509 2860 688 2905 optimis
710 2861 835 2896 rebus
861 2871 869 2896 :
896 2861 979 2896 abl.
1006 2861 1157 2896 absolu
1183 2872 1191 2896 :
1218 2872 1233 2896 «
1254 2861 1295 2896 la
1319 2861 1557 2904 condition,
1581 2860 1640 2896 les
1665 2859 1981 2895 circonstances
2004 2857 2063 2892 les

431 2918 669 2955 meilleures
693 2931 720 2955 ».
753 2940 807 2944 —
866 2921 1200 2966 occupationes:
1246 2920 1299 2956 cf.
1335 2920 1465 2956 XVII
1495 2920 1533 2955 2.
1578 2940 1634 2944 —
1687 2919 1852 2955 Vacat:
1885 2917 2063 2953 «donne

432 2987 508 3013 son
536 2980 679 3023 temps
710 2979 748 3023 a,
778 2979 977 3024 s'occupe
1007 2979 1058 3015 de
1083 2992 1110 3023 »‚
1141 2980 1194 3015 cf.
1230 2981 1291 3016 De
1323 2979 1395 3015 ΒΓ.
1438 2979 1517 3015 Vit.
1550 2979 1658 3014 XIV
1688 2979 1708 3013 1
1737 2988 1745 3013 :
1777 2975 2063 3022 «Sapientiae
