<?xml version="1.0" encoding="UTF-8"?>
<!DOCTYPE html PUBLIC "-//W3C//DTD XHTML 1.0 Transitional//EN"
    "http://www.w3.org/TR/xhtml1/DTD/xhtml1-transitional.dtd">
<html xmlns="http://www.w3.org/1999/xhtml" xml:lang="en" lang="en">
 <head>
  <title>
</title>
<meta http-equiv="Content-Type" content="text/html;charset=utf-8" />
  <meta name='ocr-system' content='tesseract 3.04.00' />
  <meta name='ocr-capabilities' content='ocr_page ocr_carea ocr_par ocr_line ocrx_word'/>
</head>
<body>
  <div class='ocr_page' id='page_1' title='image "./dialogorumlibrix00seneuoft_0193.png"; bbox 0 0 2154 3377; ppageno 0'>
   <div class='ocr_carea' id='block_1_1' title="bbox 386 246 1785 293">
    <p class='ocr_par' dir='ltr' id='par_1_1' title="bbox 386 246 1785 293">
     <span class='ocr_line' id='line_1_1' title="bbox 386 246 1785 293; baseline -0.001 -2"><span class='ocrx_word' id='word_1_1' title='bbox 386 260 448 291; x_wconf 76' lang='lat' dir='ltr'>AD</span> <span class='ocrx_word' id='word_1_2' title='bbox 483 258 701 292; x_wconf 62' lang='lat' dir='ltr'>navum</span> <span class='ocrx_word' id='word_1_3' title='bbox 734 258 939 291; x_wconf 71' lang='lat' dir='ltr'><strong>MATREM</strong></span> <span class='ocrx_word' id='word_1_4' title='bbox 974 258 1036 290; x_wconf 77' lang='lat' dir='ltr'>DE</span> <span class='ocrx_word' id='word_1_5' title='bbox 1068 257 1447 293; x_wconf 74' lang='lat' dir='ltr'>CONSOLATIONE,</span> <span class='ocrx_word' id='word_1_6' title='bbox 1484 258 1545 289; x_wconf 79' lang='lat' dir='ltr'>xx</span> <span class='ocrx_word' id='word_1_7' title='bbox 1701 246 1785 291; x_wconf 80' lang='lat'>109</span> 
     </span>
    </p>
   </div>
   <div class='ocr_carea' id='block_1_2' title="bbox 141 374 1786 507">
    <p class='ocr_par' dir='ltr' id='par_1_2' title="bbox 141 374 1786 507">
     <span class='ocr_line' id='line_1_2' title="bbox 143 374 1785 433; baseline -0.003 -10"><span class='ocrx_word' id='word_1_8' title='bbox 143 378 472 423; x_wconf 83' lang='lat' dir='ltr'>humilioribus</span> <span class='ocrx_word' id='word_1_9' title='bbox 499 378 560 421; x_wconf 88' lang='lat' dir='ltr'>ad</span> <span class='ocrx_word' id='word_1_10' title='bbox 591 390 775 421; x_wconf 89' lang='lat' dir='ltr'>summa</span> <span class='ocrx_word' id='word_1_11' title='bbox 806 376 1070 433; x_wconf 83' lang='lat' dir='ltr'>perrumpit</span> <span class='ocrx_word' id='word_1_12' title='bbox 1097 378 1147 418; x_wconf 87' lang='lat' dir='ltr'>et</span> <span class='ocrx_word' id='word_1_13' title='bbox 1176 374 1488 432; x_wconf 79' lang='lat' dir='ltr'>pulcherrimo</span> <span class='ocrx_word' id='word_1_14' title='bbox 1518 374 1785 418; x_wconf 86' lang='lat' dir='ltr'>diuinorum</span> 
     </span>
     <span class='ocr_line' id='line_1_3' title="bbox 141 446 1786 507; baseline -0.003 -13"><span class='ocrx_word' id='word_1_15' title='bbox 141 450 412 507; x_wconf 88' lang='lat' dir='ltr'>spectaculo</span> <span class='ocrx_word' id='word_1_16' title='bbox 437 450 625 500; x_wconf 80' lang='lat' dir='ltr'>fruitur,</span> <span class='ocrx_word' id='word_1_17' title='bbox 648 447 948 492; x_wconf 79' lang='lat' dir='ltr'>aeternitatis</span> <span class='ocrx_word' id='word_1_18' title='bbox 971 460 1081 490; x_wconf 84' lang='lat' dir='ltr'>suae</span> <span class='ocrx_word' id='word_1_19' title='bbox 1107 459 1285 490; x_wconf 77' lang='lat' dir='ltr'>memor</span> <span class='ocrx_word' id='word_1_20' title='bbox 1309 446 1356 489; x_wconf 86' lang='lat' dir='ltr'>in</span> <span class='ocrx_word' id='word_1_21' title='bbox 1379 458 1517 489; x_wconf 86' lang='lat' dir='ltr'>omne</span> <span class='ocrx_word' id='word_1_22' title='bbox 1543 446 1668 501; x_wconf 86' lang='lat' dir='ltr'>quod</span> <span class='ocrx_word' id='word_1_23' title='bbox 1695 447 1786 489; x_wconf 79' lang='lat' dir='ltr'>fuit</span> 
     </span>
    </p>
   </div>
   <div class='ocr_carea' id='block_1_3' title="bbox 142 517 1192 578">
    <p class='ocr_par' dir='ltr' id='par_1_3' title="bbox 142 517 1192 578">
     <span class='ocr_line' id='line_1_4' title="bbox 142 517 1192 578; baseline -0.005 -13"><span class='ocrx_word' id='word_1_24' title='bbox 142 521 452 578; x_wconf 75' lang='lat' dir='ltr'>futurumque</span> <span class='ocrx_word' id='word_1_25' title='bbox 476 524 551 565; x_wconf 87' lang='lat' dir='ltr'>est</span> <span class='ocrx_word' id='word_1_26' title='bbox 574 520 711 564; x_wconf 83' lang='lat' dir='ltr'>uadit</span> <span class='ocrx_word' id='word_1_27' title='bbox 733 518 954 562; x_wconf 88' lang='lat' dir='ltr'>omnibus</span> <span class='ocrx_word' id='word_1_28' title='bbox 978 517 1192 562; x_wconf 89' lang='lat' dir='ltr'>sacculis.</span> 
     </span>
    </p>
   </div>
   <div class='ocr_carea' id='block_1_4' title="bbox 143 640 1784 798">
    <p class='ocr_par' dir='ltr' id='par_1_4' title="bbox 143 638 1784 798">
     <span class='ocr_line' id='line_1_5' title="bbox 185 640 1784 689; baseline -0.004 -6"><span class='ocrx_word' id='word_1_29' title='bbox 185 650 228 684; x_wconf 71' lang='lat' dir='ltr'>N.</span> <span class='ocrx_word' id='word_1_30' title='bbox 251 649 288 683; x_wconf 86' lang='lat' dir='ltr'>C.</span> <span class='ocrx_word' id='word_1_31' title='bbox 318 669 352 675; x_wconf 92' lang='lat'><em>-</em></span> <span class='ocrx_word' id='word_1_32' title='bbox 387 651 461 684; x_wconf 84' lang='lat' dir='ltr'>XX</span> <span class='ocrx_word' id='word_1_33' title='bbox 481 651 514 683; x_wconf 92' lang='lat'>2.</span> <span class='ocrx_word' id='word_1_34' title='bbox 545 640 756 688; x_wconf 64' lang='lat' dir='ltr'>inon&#39;wllA</span> <span class='ocrx_word' id='word_1_35' title='bbox 777 651 884 689; x_wconf 83' lang='lat' dir='ltr'>(cras.</span> <span class='ocrx_word' id='word_1_36' title='bbox 908 649 970 689; x_wconf 89' lang='lat' dir='ltr'>m).</span> <span class='ocrx_word' id='word_1_37' title='bbox 1001 668 1034 672; x_wconf 96' lang='lat'><strong>—</strong></span> <span class='ocrx_word' id='word_1_38' title='bbox 1063 651 1253 689; x_wconf 72' lang='lat' dir='ltr'>lutumque</span> <span class='ocrx_word' id='word_1_39' title='bbox 1284 649 1325 680; x_wconf 86' lang='grc' dir='ltr'>Αι</span> <span class='ocrx_word' id='word_1_40' title='bbox 1355 647 1389 679; x_wconf 84' lang='lat' dir='ltr'>in</span> <span class='ocrx_word' id='word_1_41' title='bbox 1420 656 1489 679; x_wconf 82' lang='lat' dir='ltr'>ras,</span> <span class='ocrx_word' id='word_1_42' title='bbox 1527 665 1559 670; x_wconf 93' lang='lat'><strong>—</strong></span> <span class='ocrx_word' id='word_1_43' title='bbox 1591 648 1648 678; x_wconf 79' lang='lat' dir='ltr'>cst.</span> <span class='ocrx_word' id='word_1_44' title='bbox 1682 648 1784 678; x_wconf 79' lang='lat' dir='ltr'>uadit</span> 
     </span>
     <span class='ocr_line' id='line_1_6' title="bbox 143 699 1776 742; baseline -0.002 -7"><span class='ocrx_word' id='word_1_45' title='bbox 143 703 309 736; x_wconf 80' lang='lat' dir='ltr'>omnibus</span> <span class='ocrx_word' id='word_1_46' title='bbox 338 705 490 736; x_wconf 81' lang='lat' dir='ltr'>saeculis</span> <span class='ocrx_word' id='word_1_47' title='bbox 514 705 565 741; x_wconf 84' lang='grc' dir='ltr'>Α;</span> <span class='ocrx_word' id='word_1_48' title='bbox 596 707 644 736; x_wconf 85' lang='lat' dir='ltr'>est</span> <span class='ocrx_word' id='word_1_49' title='bbox 667 704 833 736; x_wconf 73' lang='lat' dir='ltr'>ommibus</span> <span class='ocrx_word' id='word_1_50' title='bbox 859 705 998 742; x_wconf 84' lang='lat' dir='ltr'>secutis,</span> <span class='ocrx_word' id='word_1_51' title='bbox 1017 704 1117 735; x_wconf 84' lang='lat' dir='ltr'>uadit</span> <span class='ocrx_word' id='word_1_52' title='bbox 1143 710 1201 742; x_wconf 77' lang='lat' dir='ltr'>ug.</span> <span class='ocrx_word' id='word_1_53' title='bbox 1226 711 1271 734; x_wconf 81' lang='lat' dir='ltr'>ex</span> <span class='ocrx_word' id='word_1_54' title='bbox 1300 701 1511 733; x_wconf 79' lang='lat' dir='ltr'>coniectura</span> <span class='ocrx_word' id='word_1_55' title='bbox 1539 699 1714 732; x_wconf 83' lang='lat' dir='ltr'>l’inciani.</span> <span class='ocrx_word' id='word_1_56' title='bbox 1743 718 1776 723; x_wconf 88' lang='lat'>-</span> 
     </span>
     <span class='ocr_line' id='line_1_7' title="bbox 143 756 816 798; baseline 0.001 -9"><span class='ocrx_word' id='word_1_57' title='bbox 143 756 254 790; x_wconf 78' lang='lat' dir='ltr'>Nulla</span> <span class='ocrx_word' id='word_1_58' title='bbox 274 756 382 789; x_wconf 89' lang='lat' dir='ltr'>huius</span> <span class='ocrx_word' id='word_1_59' title='bbox 404 757 485 789; x_wconf 85' lang='lat' dir='ltr'>libri</span> <span class='ocrx_word' id='word_1_60' title='bbox 506 757 728 798; x_wconf 81' lang='lat' dir='ltr'>subscriptio</span> <span class='ocrx_word' id='word_1_61' title='bbox 749 761 816 791; x_wconf 83' lang='lat' dir='ltr'>est.</span> 
     </span>
    </p>
   </div>
   <div class='ocr_carea' id='block_1_5' title="bbox 134 867 1779 1503">
    <p class='ocr_par' dir='ltr' id='par_1_5' title="bbox 134 867 1779 1503">
     <span class='ocr_line' id='line_1_8' title="bbox 141 867 1778 919; baseline -0.003 -11"><span class='ocrx_word' id='word_1_62' title='bbox 141 871 231 908; x_wconf 77' lang='lat' dir='ltr'>uita</span> <span class='ocrx_word' id='word_1_63' title='bbox 251 871 371 915; x_wconf 84' lang='lat' dir='ltr'>tanti,</span> <span class='ocrx_word' id='word_1_64' title='bbox 395 874 438 907; x_wconf 86' lang='lat' dir='ltr'>ut</span> <span class='ocrx_word' id='word_1_65' title='bbox 458 872 615 916; x_wconf 81' lang='lat' dir='ltr'>sudem,</span> <span class='ocrx_word' id='word_1_66' title='bbox 640 875 682 909; x_wconf 84' lang='lat' dir='ltr'>ut</span> <span class='ocrx_word' id='word_1_67' title='bbox 703 875 896 909; x_wconf 79' lang='lat' dir='ltr'>aestuem.</span> <span class='ocrx_word' id='word_1_68' title='bbox 925 873 956 909; x_wconf 92' lang='lat' dir='ltr'><em>O</em></span> <span class='ocrx_word' id='word_1_69' title='bbox 977 883 1101 919; x_wconf 82' lang='lat' dir='ltr'>qaam</span> <span class='ocrx_word' id='word_1_70' title='bbox 1121 872 1353 916; x_wconf 84' lang='lat' dir='ltr'>contempta</span> <span class='ocrx_word' id='word_1_71' title='bbox 1374 879 1437 906; x_wconf 84' lang='lat' dir='ltr'>res</span> <span class='ocrx_word' id='word_1_72' title='bbox 1457 870 1515 905; x_wconf 85' lang='lat' dir='ltr'>est</span> <span class='ocrx_word' id='word_1_73' title='bbox 1535 867 1668 911; x_wconf 85' lang='grc' dir='ltr'><em>Ιιοηιο,</em></span> <span class='ocrx_word' id='word_1_74' title='bbox 1691 868 1778 904; x_wconf 79' lang='lat' dir='ltr'>nisi</span> 
     </span>
     <span class='ocr_line' id='line_1_9' title="bbox 138 928 1779 977; baseline -0.004 -10"><span class='ocrx_word' id='word_1_75' title='bbox 138 940 270 977; x_wconf 84' lang='lat' dir='ltr'>supra</span> <span class='ocrx_word' id='word_1_76' title='bbox 301 930 488 968; x_wconf 83' lang='lat' dir='ltr'>humana</span> <span class='ocrx_word' id='word_1_77' title='bbox 518 933 773 969; x_wconf 73' lang='lat' dir='ltr'>surrexerit!</span> <span class='ocrx_word' id='word_1_78' title='bbox 798 945 812 967; x_wconf 92' lang='lat'><strong><em>»</em></strong></span> <span class='ocrx_word' id='word_1_79' title='bbox 843 933 906 969; x_wconf 82' lang='lat' dir='ltr'>Cf.</span> <span class='ocrx_word' id='word_1_80' title='bbox 940 941 1091 968; x_wconf 87' lang='lat' dir='ltr'>encore</span> <span class='ocrx_word' id='word_1_81' title='bbox 1128 931 1208 977; x_wconf 91' lang='lat' dir='ltr'>Ep.</span> <span class='ocrx_word' id='word_1_82' title='bbox 1245 930 1368 966; x_wconf 90' lang='lat' dir='ltr'>XCII</span> <span class='ocrx_word' id='word_1_83' title='bbox 1401 928 1527 965; x_wconf 89' lang='lat'><strong>30-31</strong></span> <span class='ocrx_word' id='word_1_84' title='bbox 1565 938 1574 963; x_wconf 90' lang='lat'>:</span> <span class='ocrx_word' id='word_1_85' title='bbox 1609 928 1779 963; x_wconf 85' lang='lat' dir='ltr'>«Nemo</span> 
     </span>
     <span class='ocr_line' id='line_1_10' title="bbox 140 988 1777 1036; baseline -0.002 -10"><span class='ocrx_word' id='word_1_86' title='bbox 140 990 314 1036; x_wconf 85' lang='lat' dir='ltr'>inprobe</span> <span class='ocrx_word' id='word_1_87' title='bbox 341 1002 385 1027; x_wconf 92' lang='lat' dir='ltr'>eo</span> <span class='ocrx_word' id='word_1_88' title='bbox 413 994 586 1028; x_wconf 82' lang='lat' dir='ltr'>conatur</span> <span class='ocrx_word' id='word_1_89' title='bbox 615 993 844 1036; x_wconf 85' lang='lat' dir='ltr'>ascendere,</span> <span class='ocrx_word' id='word_1_90' title='bbox 876 992 984 1028; x_wconf 83' lang='lat' dir='ltr'>unde</span> <span class='ocrx_word' id='word_1_91' title='bbox 1013 991 1316 1027; x_wconf 75' lang='lat' dir='ltr'>descenderat...</span> <span class='ocrx_word' id='word_1_92' title='bbox 1349 989 1497 1034; x_wconf 87' lang='lat' dir='ltr'>Capax</span> <span class='ocrx_word' id='word_1_93' title='bbox 1537 988 1602 1023; x_wconf 81' lang='lat' dir='ltr'>est</span> <span class='ocrx_word' id='word_1_94' title='bbox 1632 989 1777 1023; x_wconf 83' lang='lat' dir='ltr'>noster</span> 
     </span>
     <span class='ocr_line' id='line_1_11' title="bbox 138 1047 1776 1097; baseline -0.003 -11"><span class='ocrx_word' id='word_1_95' title='bbox 138 1050 324 1094; x_wconf 88' lang='lat' dir='ltr'>animus,</span> <span class='ocrx_word' id='word_1_96' title='bbox 347 1051 551 1097; x_wconf 76' lang='lat' dir='ltr'>perfertur</span> <span class='ocrx_word' id='word_1_97' title='bbox 575 1052 644 1088; x_wconf 91' lang='lat' dir='ltr'>illo</span> <span class='ocrx_word' id='word_1_98' title='bbox 667 1053 781 1097; x_wconf 88' lang='lat' dir='ltr'>(vers</span> <span class='ocrx_word' id='word_1_99' title='bbox 808 1052 950 1096; x_wconf 83' lang='lat' dir='ltr'>Dieu),</span> <span class='ocrx_word' id='word_1_100' title='bbox 973 1052 1012 1088; x_wconf 86' lang='lat' dir='ltr'>si</span> <span class='ocrx_word' id='word_1_101' title='bbox 1036 1051 1145 1087; x_wconf 81' lang='lat' dir='ltr'>uitia</span> <span class='ocrx_word' id='word_1_102' title='bbox 1167 1060 1252 1087; x_wconf 86' lang='lat' dir='ltr'>non</span> <span class='ocrx_word' id='word_1_103' title='bbox 1275 1049 1556 1095; x_wconf 77' lang='lat' dir='ltr'>deprimant...</span> <span class='ocrx_word' id='word_1_104' title='bbox 1579 1047 1776 1090; x_wconf 85' lang='lat' dir='ltr'>Animus,</span> 
     </span>
     <span class='ocr_line' id='line_1_12' title="bbox 137 1106 1774 1158; baseline -0.002 -13"><span class='ocrx_word' id='word_1_105' title='bbox 137 1109 206 1146; x_wconf 91' lang='lat' dir='ltr'>cui</span> <span class='ocrx_word' id='word_1_106' title='bbox 230 1110 273 1146; x_wconf 92' lang='lat' dir='ltr'>in</span> <span class='ocrx_word' id='word_1_107' title='bbox 299 1113 514 1156; x_wconf 88' lang='lat' dir='ltr'>quantam</span> <span class='ocrx_word' id='word_1_108' title='bbox 538 1111 634 1147; x_wconf 87' lang='lat' dir='ltr'>uult</span> <span class='ocrx_word' id='word_1_109' title='bbox 659 1112 759 1148; x_wconf 86' lang='lat' dir='ltr'>licet</span> <span class='ocrx_word' id='word_1_110' title='bbox 785 1111 958 1158; x_wconf 83' lang='lat' dir='ltr'>porrigi,</span> <span class='ocrx_word' id='word_1_111' title='bbox 983 1111 1026 1147; x_wconf 90' lang='lat' dir='ltr'>in</span> <span class='ocrx_word' id='word_1_112' title='bbox 1054 1111 1135 1147; x_wconf 87' lang='lat' dir='ltr'>hoe</span> <span class='ocrx_word' id='word_1_113' title='bbox 1160 1120 1184 1146; x_wconf 87' lang='lat' dir='ltr'>a</span> <span class='ocrx_word' id='word_1_114' title='bbox 1211 1111 1368 1145; x_wconf 86' lang='lat' dir='ltr'>natura</span> <span class='ocrx_word' id='word_1_115' title='bbox 1393 1116 1536 1144; x_wconf 89' lang='lat' dir='ltr'>rerum</span> <span class='ocrx_word' id='word_1_116' title='bbox 1561 1106 1774 1142; x_wconf 78' lang='lat' dir='ltr'>formatus</span> 
     </span>
     <span class='ocr_line' id='line_1_13' title="bbox 137 1165 1774 1212; baseline -0.001 -10"><span class='ocrx_word' id='word_1_117' title='bbox 137 1168 218 1210; x_wconf 88' lang='lat' dir='ltr'>est,</span> <span class='ocrx_word' id='word_1_118' title='bbox 245 1169 295 1203; x_wconf 87' lang='lat' dir='ltr'>ut</span> <span class='ocrx_word' id='word_1_119' title='bbox 322 1167 443 1212; x_wconf 89' lang='lat' dir='ltr'>paria</span> <span class='ocrx_word' id='word_1_120' title='bbox 470 1168 535 1204; x_wconf 89' lang='lat' dir='ltr'>dis</span> <span class='ocrx_word' id='word_1_121' title='bbox 560 1168 704 1204; x_wconf 89' lang='lat' dir='ltr'>uellet.</span> <span class='ocrx_word' id='word_1_122' title='bbox 735 1169 792 1205; x_wconf 89' lang='lat' dir='ltr'>Et</span> <span class='ocrx_word' id='word_1_123' title='bbox 818 1169 853 1204; x_wconf 92' lang='lat' dir='ltr'>si</span> <span class='ocrx_word' id='word_1_124' title='bbox 879 1170 1033 1205; x_wconf 86' lang='lat' dir='ltr'>utatur</span> <span class='ocrx_word' id='word_1_125' title='bbox 1059 1167 1145 1203; x_wconf 90' lang='lat' dir='ltr'>suis</span> <span class='ocrx_word' id='word_1_126' title='bbox 1172 1166 1337 1203; x_wconf 85' lang='lat' dir='ltr'>uiribus</span> <span class='ocrx_word' id='word_1_127' title='bbox 1365 1175 1415 1202; x_wconf 87' lang='lat' dir='ltr'>ac</span> <span class='ocrx_word' id='word_1_128' title='bbox 1440 1174 1484 1201; x_wconf 85' lang='lat' dir='ltr'>se</span> <span class='ocrx_word' id='word_1_129' title='bbox 1510 1165 1553 1201; x_wconf 93' lang='lat' dir='ltr'>in</span> <span class='ocrx_word' id='word_1_130' title='bbox 1580 1165 1774 1210; x_wconf 87' lang='lat' dir='ltr'>spatium</span> 
     </span>
     <span class='ocr_line' id='line_1_14' title="bbox 137 1226 1774 1271; baseline -0.001 -10"><span class='ocrx_word' id='word_1_131' title='bbox 137 1235 264 1262; x_wconf 91' lang='lat' dir='ltr'>suum</span> <span class='ocrx_word' id='word_1_132' title='bbox 299 1227 525 1271; x_wconf 82' lang='lat' dir='ltr'>extendat,</span> <span class='ocrx_word' id='word_1_133' title='bbox 561 1237 647 1264; x_wconf 90' lang='lat' dir='ltr'>non</span> <span class='ocrx_word' id='word_1_134' title='bbox 683 1228 822 1264; x_wconf 83' lang='lat' dir='ltr'>aliena</span> <span class='ocrx_word' id='word_1_135' title='bbox 858 1229 929 1264; x_wconf 84' lang='lat' dir='ltr'>uia</span> <span class='ocrx_word' id='word_1_136' title='bbox 964 1228 1019 1264; x_wconf 91' lang='lat' dir='ltr'>ad</span> <span class='ocrx_word' id='word_1_137' title='bbox 1055 1237 1225 1264; x_wconf 90' lang='lat' dir='ltr'>summa</span> <span class='ocrx_word' id='word_1_138' title='bbox 1260 1226 1430 1262; x_wconf 82' lang='lat' dir='ltr'>nititur.</span> <span class='ocrx_word' id='word_1_139' title='bbox 1466 1226 1654 1270; x_wconf 62' lang='lat' dir='ltr'>Magnus</span> <span class='ocrx_word' id='word_1_140' title='bbox 1689 1227 1774 1261; x_wconf 86' lang='lat' dir='ltr'>erat</span> 
     </span>
     <span class='ocr_line' id='line_1_15' title="bbox 137 1285 1776 1329; baseline -0.001 -8"><span class='ocrx_word' id='word_1_141' title='bbox 137 1285 255 1322; x_wconf 80' lang='lat' dir='ltr'>labor</span> <span class='ocrx_word' id='word_1_142' title='bbox 280 1286 339 1322; x_wconf 82' lang='lat' dir='ltr'>ire</span> <span class='ocrx_word' id='word_1_143' title='bbox 364 1287 409 1323; x_wconf 88' lang='lat' dir='ltr'>in</span> <span class='ocrx_word' id='word_1_144' title='bbox 433 1287 591 1323; x_wconf 86' lang='lat' dir='ltr'>caetum</span> <span class='ocrx_word' id='word_1_145' title='bbox 618 1296 632 1322; x_wconf 91' lang='lat'>.·</span> <span class='ocrx_word' id='word_1_146' title='bbox 656 1287 773 1324; x_wconf 84' lang='lat' dir='ltr'>redit.</span> <span class='ocrx_word' id='word_1_147' title='bbox 803 1289 909 1325; x_wconf 79' lang='lat' dir='ltr'>Cum</span> <span class='ocrx_word' id='word_1_148' title='bbox 935 1288 1007 1324; x_wconf 79' lang='lat' dir='ltr'>hoe</span> <span class='ocrx_word' id='word_1_149' title='bbox 1032 1288 1107 1324; x_wconf 86' lang='lat' dir='ltr'>iter</span> <span class='ocrx_word' id='word_1_150' title='bbox 1137 1289 1282 1323; x_wconf 84' lang='lat' dir='ltr'>nactus</span> <span class='ocrx_word' id='word_1_151' title='bbox 1308 1288 1379 1329; x_wconf 85' lang='lat' dir='ltr'>est,</span> <span class='ocrx_word' id='word_1_152' title='bbox 1413 1285 1530 1321; x_wconf 78' lang='lat' dir='ltr'>uadit</span> <span class='ocrx_word' id='word_1_153' title='bbox 1563 1285 1776 1320; x_wconf 81' lang='lat' dir='ltr'>audaciter</span> 
     </span>
     <span class='ocr_line' id='line_1_16' title="bbox 135 1344 1774 1394; baseline -0.001 -12"><span class='ocrx_word' id='word_1_154' title='bbox 135 1347 387 1392; x_wconf 84' lang='lat' dir='ltr'>contemptor</span> <span class='ocrx_word' id='word_1_155' title='bbox 410 1347 599 1383; x_wconf 85' lang='lat' dir='ltr'>omnium</span> <span class='ocrx_word' id='word_1_156' title='bbox 625 1358 698 1384; x_wconf 87' lang='lat' dir='ltr'>nec</span> <span class='ocrx_word' id='word_1_157' title='bbox 723 1348 776 1384; x_wconf 84' lang='lat' dir='ltr'>ad</span> <span class='ocrx_word' id='word_1_158' title='bbox 801 1348 1024 1394; x_wconf 82' lang='lat' dir='ltr'>pecuniam</span> <span class='ocrx_word' id='word_1_159' title='bbox 1050 1347 1262 1394; x_wconf 83' lang='lat' dir='ltr'>respicit...</span> <span class='ocrx_word' id='word_1_160' title='bbox 1296 1346 1396 1390; x_wconf 84' lang='lat' dir='ltr'>Scit,</span> <span class='ocrx_word' id='word_1_161' title='bbox 1425 1345 1610 1391; x_wconf 83' lang='lat' dir='ltr'>inquam,</span> <span class='ocrx_word' id='word_1_162' title='bbox 1637 1344 1774 1380; x_wconf 85' lang='lat' dir='ltr'>aliubi</span> 
     </span>
     <span class='ocr_line' id='line_1_17' title="bbox 137 1403 1771 1455; baseline -0.001 -14"><span class='ocrx_word' id='word_1_163' title='bbox 137 1405 296 1451; x_wconf 87' lang='lat' dir='ltr'>positas</span> <span class='ocrx_word' id='word_1_164' title='bbox 320 1416 406 1442; x_wconf 87' lang='lat' dir='ltr'>esse</span> <span class='ocrx_word' id='word_1_165' title='bbox 429 1407 607 1444; x_wconf 84' lang='lat' dir='ltr'>diuitias</span> <span class='ocrx_word' id='word_1_166' title='bbox 631 1418 755 1454; x_wconf 84' lang='lat' dir='ltr'>quam</span> <span class='ocrx_word' id='word_1_167' title='bbox 780 1418 858 1455; x_wconf 86' lang='lat' dir='ltr'>quo</span> <span class='ocrx_word' id='word_1_168' title='bbox 882 1409 1187 1454; x_wconf 77' lang='lat' dir='ltr'>conqeruntur:</span> <span class='ocrx_word' id='word_1_169' title='bbox 1213 1406 1405 1443; x_wconf 83' lang='lat' dir='ltr'>animum</span> <span class='ocrx_word' id='word_1_170' title='bbox 1426 1404 1593 1451; x_wconf 84' lang='lat' dir='ltr'>impleri</span> <span class='ocrx_word' id='word_1_171' title='bbox 1617 1403 1771 1447; x_wconf 80' lang='lat' dir='ltr'>debere,</span> 
     </span>
     <span class='ocr_line' id='line_1_18' title="bbox 134 1474 437 1503; baseline 0.003 -2"><span class='ocrx_word' id='word_1_172' title='bbox 134 1474 219 1501; x_wconf 86' lang='lat' dir='ltr'>non</span> <span class='ocrx_word' id='word_1_173' title='bbox 245 1475 397 1503; x_wconf 81' lang='lat' dir='ltr'>arcam.</span> <span class='ocrx_word' id='word_1_174' title='bbox 422 1477 437 1502; x_wconf 66' lang='grc' dir='ltr'><strong>ο</strong></span> 
     </span>
    </p>
   </div>
  </div>
 </body>
</html>
