2195 3345
409 238 468 282 52
701 252 744 282 L.
780 252 944 283 ANNAEI
981 252 1175 284 sENEcAE
1207 253 1526 286 DIALOGORUM
1560 256 1654 288 ΜΒ.
1690 257 1758 288 xn

406 370 626 422 portatur
668 369 890 420 Oceano;
928 374 1134 413 uomunt
1171 374 1228 414 ut
1264 372 1425 423 edant,
1465 373 1617 416 edunt
1653 377 1710 417 ut
1746 378 1961 426 uomant,
1999 379 2050 419 et

404 437 583 493 epulas,
613 451 730 496 quas
757 443 860 483 toto
888 441 1000 484 orbe
1023 441 1326 498 conquirunt,
1349 456 1436 487 nec
1462 456 1751 501 concoquere
1777 446 2048 502 dignantur.

411 508 506 552 Ista
532 510 569 552 si
596 511 699 566 quis
724 511 939 567 despicit,
967 512 1079 567 quid
1104 512 1171 554 illi
1195 518 1452 570 paupertas
1476 519 1617 558 nocet
1641 515 1666 558 ‘2
1689 516 1727 558 si
1752 516 1857 572 quis
1881 529 2050 560 concu-

406 580 560 636 piscit,
589 581 654 623 illi
683 586 939 638 paupertas
966 583 1111 626 etiam
1140 584 1334 640 prodest
1364 600 1373 627 :
1402 586 1581 629 inuitus
1607 586 1732 629 enim
1761 590 1956 631 sanatur
1982 591 2047 638 et,

406 651 441 693 si
472 652 675 695 remedia
706 665 761 695 ne
791 656 983 696 coactus
1012 654 1203 710 quidem
1226 656 1417 712 recepit,
1440 657 1629 700 interim
1642 661 1782 708 certe,
1812 658 1926 700 dum
1953 671 2047 701 non

406 727 579 778 potest,
612 723 689 765 illa
722 724 901 767 nolenti
932 725 1095 768 similis
1125 730 1211 769 cst.
1246 727 1294 770 C.
1328 727 1510 776 Caesar,
1543 741 1682 784 quem
1714 728 1828 771 mihi
1858 729 2048 772 uidetur

485 840 525 872 N.
548 841 583 872 C.
610 859 644 863 —
669 841 705 872 X
723 842 755 873 3.
783 842 912 882 recepit
933 842 965 873 A
984 852 993 881 ;
1015 844 1142 884 recipit
1163 844 1235 875 duo
1259 844 1292 875 D
1314 847 1350 876 et
1373 851 1431 883 ug.
1459 862 1494 866 —
1520 854 1593 876 non
1612 847 1722 884 potest
1744 846 1808 877 illa
1828 846 1964 878 nolenti
1985 846 2046 884 A;

407 902 479 924 non
497 896 608 934 potest
627 894 690 926 illa
709 894 759 934 (h.
777 904 810 926 e.
829 896 999 936 remedia)
1017 897 1120 934 nolle,
1141 898 1273 928 uolenti
1290 898 1397 937 scrip.
1419 898 1529 930 Gertz
1549 908 1556 935 ;
1577 907 1649 929 non
1666 901 1776 938 potest
1794 899 1894 937 uelle,
1914 899 2047 931 nolenti

410 948 560 987 Madvig
575 948 664 987 (uid.
683 948 820 980 Gertzii
836 949 936 980 Stud.
954 950 1028 980 crit.
1046 958 1082 989 p.
1102 951 1196 990 160).
1219 968 1253 972 -
1276 951 1311 981 X
1329 951 1362 982 4.
1400 951 1438 982 G.
1455 960 1576 983 caesar
1590 954 1763 991 augustus
1778 952 1810 983 A
1829 962 1838 991 ;
1857 953 1895 984 C.
1915 952 2046 984 Caesar

409 1008 467 1040 ug.
484 1001 570 1033 inde
586 1002 631 1033 ab
649 1002 815 1034 Erasmo.

407 1099 520 1134 salui
548 1109 742 1141 essemu8‚
771 1109 856 1135 non
887 1102 929 1135 ut
956 1100 1133 1135 delia-ati.
1161 1112 1174 1133 »
1203 1100 1306 1145 (Ep.
1340 1100 1486 1136 CXIX
1517 1101 1585 1145 15)
1610 1111 1618 1143 ;
1649 1100 1702 1135 cf.
1735 1102 1901 1137 Muson.
1934 1101 2035 1137 Rus.

406 1159 490 1202 (op.
508 1158 573 1193 Cis.
591 1167 631 1202 p.
651 1158 748 1202 103)
765 1168 772 1192 ἰ
791 1170 805 1191 (<
828 1162 907 1202 Θεὸς
926 1165 943 1195 ὁ
963 1166 1101 1203 ποιήσας
1120 1166 1177 1196 τὸν
1194 1165 1370 1206 ἄνθρωπον
1391 1168 1448 1196 τοῦ
1467 1164 1627 1204 σῴζεσθαι
1645 1164 1761 1207 χάριν,
1785 1164 1861 1206 οὐχὶ
1890 1168 1946 1197 τοῦ
1970 1167 2043 1205 ἥδε·

406 1223 496 1264 σθαι,
507 1226 579 1253 σῖτα
591 1224 644 1254 καὶ
655 1222 740 1255 ποτὰ
756 1223 998 1266 παρεσκεύασεν
1014 1223 1136 1262 αὐτοῖς.
1163 1231 1177 1253 »
1199 1240 1253 1243 -—
1311 1219 1377 1254 Ab
1400 1218 1553 1255 ultimo
1577 1220 1746 1255 Oceano
1772 1230 1780 1254 2
1804 1219 2038 1265 repetstion

406 1277 459 1312 de
500 1276 542 1312 la
586 1278 725 1313 meme
775 1277 869 1313 idee
911 1288 1010 1313 sous
1053 1279 1125 1313 des
1168 1278 1326 1314 formes
1371 1279 1622 1314 differentes
1660 1289 1667 1314 ε
1715 1279 1854 1315 ultimi
1895 1279 2042 1322 maris,

407 1336 576 1382 imperii
601 1336 711 1381 sines
738 1337 1002 1380 transcendit,
1031 1338 1139 1373 ultra
1169 1338 1350 1380 Phasin,
1379 1349 1403 1373 a
1428 1338 1640 1374 Parthis...
1669 1340 1814 1384 petere,
1843 1338 2040 1385 undique,

406 1399 449 1431 et
483 1395 578 1440 plus
621 1397 698 1432 bas
739 1399 817 1432 toto
857 1397 964 1432 orbe.
1008 1397 1218 1440 Souvent‚
1261 1398 1455 1443 seneque
1498 1407 1550 1432 ne
1592 1397 1675 1433 sait
1715 1407 1792 1442 pas
1832 1397 1938 1433 faire
1977 1407 2037 1434 un

405 1455 534 1490 choix
574 1455 713 1500 parmi
752 1455 794 1490 13
835 1456 951 1492 foule
995 1456 1309 1501 d'expressions
1352 1457 1426 1501 qui
1466 1456 1667 1492 s’offrent
1711 1457 1735 1492 a
1774 1456 1867 1499 lui;
1908 1456 1938 1492 il
1977 1457 2037 1493 les

403 1514 516 1559 jette
550 1517 696 1550 toutes
729 1515 954 1560 pele-mele
985 1516 1092 1550 dans
1124 1515 1165 1550 Ia
1194 1516 1362 1560 phrase.
1389 1516 1496 1561 Voy.
1522 1516 1564 1550 la
1586 1518 1689 1551 note
1720 1526 1792 1550 sur
1826 1516 1964 1552 nimia
1969 1544 2040 1552 .....

403 1575 635 1620 frequentia
673 1575 778 1620 (VII
804 1574 862 1619 4),
890 1577 933 1610 et
972 1575 1024 1610 cf.
1061 1584 1212 1610 encore
1256 1577 1317 1611 De
1361 1575 1529 1610 Prouid.
1562 1575 1630 1610 III
1658 1575 1709 1611 13
1738 1585 1746 1609 :
1791 1586 1806 1608 (ι
1828 1574 1886 1612 Hi
1921 1575 2040 1621 quic-

405 1634 511 1679 quid
555 1634 759 1670 biberunt
804 1635 963 1669 uomitu
1001 1635 1266 1670 remetientur
1291 1633 1437 1669 tristes
1481 1636 1523 1670 et
1563 1633 1692 1670 bilem
1737 1644 1862 1670 suam
1899 1644 2040 1680 reyns-

405 1695 535 1729 tczntes
551 1705 580 1736 »,
602 1696 645 1729 et
667 1694 748 1739 Ep.
772 1693 888 1730 XCV
908 1694 982 1729 21:
1004 1693 1051 1738 (il
1072 1694 1199 1738 s'agit
1221 1696 1335 1728 cette
1353 1693 1496 1728 fois-ci
1517 1693 1590 1729 des
1610 1693 1832 1739 femmes):
1855 1705 1870 1727 «
1890 1694 2039 1740 Aeque

404 1753 688 1797 <c'est-a-dire
704 1763 871 1788 comme
888 1753 946 1789 les
965 1754 1178 1797 hommes)
1193 1752 1342 1788 inuitis
1359 1752 1529 1798 ingesta
1542 1752 1778 1788 uisceribus
1798 1763 1871 1798 per
1891 1764 1935 1789 os
1952 1754 2041 1789 red-

403 1813 508 1848 dunt
527 1814 562 1848 et
584 1813 734 1848 uinum
748 1823 867 1848 omne
883 1813 1042 1848 uomitu
1057 1812 1340 1848 remetiuntur.
1360 1823 1375 1846 »
1394 1833 1428 1837 —
1451 1812 1685 1848 Vomunt...
1706 1815 1910 1848 nomant:
1927 1815 2042 1850 cette

403 1873 573 1917 phrase,
612 1871 646 1907 si
680 1872 793 1907 forte
819 1872 926 1907 dans
952 1881 1029 1907 son
1055 1871 1251 1907 realisme
1278 1871 1499 1916 expressis,
1528 1874 1593 1908 est
1619 1882 1703 1907 une
1728 1871 2034 1908 reminiscence

404 1932 509 1967 d'un
534 1932 709 1967 rheteur
733 1953 788 1957 -—
812 1941 911 1977 voy.
944 1932 1116 1973 Introd.,
1155 1940 1195 1975 p.
1237 1931 1385 1966 LVIII
1421 1953 1476 1956 —
1503 1942 1511 1974 ;
1560 1930 1668 1966 mais
1695 1941 1741 1967 ce
1773 1931 1904 1967 serait
1941 1931 2043 1968 aller

403 2001 461 2026 un
481 2000 564 2035 peu
582 1990 669 2026 loin
689 2001 771 2036 que
790 1991 842 2026 de
860 2000 1069 2035 supposer
1088 2000 1193 2026 avec
1214 1991 1269 2026 M.
1291 1990 1493 2034 Rolland,
1518 1992 1578 2027 De
1596 1990 1722 2035 I’insl.
1744 1991 1791 2026 de
1814 1991 1909 2028 Se‘n.
1929 1991 1965 2026 le
1985 1991 2037 2026 P.

403 2053 438 2085 el
455 2051 522 2086 cles
539 2050 637 2085 rhe't.
657 2060 730 2086 sur
752 2051 846 2087 Se'n.
866 2051 901 2085 le
921 2050 1030 2086 Phil.
1051 2059 1122 2095 pp.
1143 2050 1286 2093 39-40,
1322 2059 1406 2096 que
1423 2061 1438 2084 «
1460 2054 1498 2085 ss
1519 2060 1627 2085 nous
1654 2049 1805 2086 avions
1833 2050 2040 2086 conserve

404 2110 443 2145 la
470 2113 746 2145 controverse
773 2110 824 2145 de
851 2110 1046 2155 Seneque
1070 2109 1109 2145 le
1137 2110 1243 2146 Pere
1268 2110 1377 2145 dans
1403 2119 1481 2145 son
1507 2108 1703 2154 original,
1730 2119 1838 2144 nous
1866 2109 2039 2145 aurions

404 2170 621 2214 peut-etre
652 2170 855 2205 retrouve
885 2169 928 2204 13
958 2170 1115 2214 phrase
1148 2168 1311 2205 entiere
1344 2169 1396 2204 de
1429 2169 1624 2214 Seneque
1654 2168 1695 2204 le
1726 2168 2000 2213 Philosophe.
2025 2181 2040 2203 »

405 2228 580 2264 Celui-ci
611 2229 719 2264 etait
750 2239 810 2264 un
841 2239 959 2264 assez
989 2229 1127 2274 grand
1158 2227 1311 2264 artiste
1342 2231 1386 2265 et
1416 2238 1475 2263 un
1505 2227 1677 2274 styliste
1709 2237 1826 2263 assez
1858 2228 2041 2274 original

404 2298 512 2333 pour
542 2288 672 2323 ecrire
702 2291 817 2324 cette
846 2289 1002 2333 phrase
1031 2288 1066 2324 si
1094 2288 1305 2333 lapidaire
1336 2290 1379 2324 et
1408 2287 1443 2323 si
1470 2288 1713 2332 justement
1743 2286 1921 2323 celebre.
1951 2287 2039 2325 J'ai

403 2348 587 2390 montre,
623 2347 729 2383 dans
761 2347 970 2392 l'Introd.,
1004 2347 1077 2384 loc.
1112 2347 1196 2391 cit„
1243 2357 1340 2393 que,
1375 2348 1524 2393 quand
1558 2347 1754 2392 Seneque
1784 2347 1971 2392 reprend
2001 2346 2040 2383 le

402 2406 509 2443 trait
536 2407 641 2442 d’un
670 2407 978 2450 declamateur,
1007 2407 1036 2441 il
1064 2407 1148 2443 sait
1174 2407 1235 2442 lui
1265 2407 1431 2442 donner
1458 2416 1517 2441 un
1543 2409 1645 2442 tour
1671 2406 1767 2451 plus
1796 2406 2037 2451 personnel.

403 2488 457 2492 -
486 2467 636 2502 Nee:
658 2477 672 2500 <‹
686 2476 783 2502 ne...
820 2466 1048 2512 quidem»,
1082 2475 1178 2505 sens
1212 2466 1418 2512 frequent
1451 2466 1553 2501 chez
1588 2466 1785 2511 Seneque
1817 2464 1890 2510 (cf.
1926 2465 1965 2501 V
1998 2465 2038 2509 5,

405 2526 550 2568 X143
575 2527 636 2562 De
659 2526 798 2562 Const.
820 2527 858 2562 V
878 2527 903 2561 4
926 2536 936 2569 ;
962 2528 1023 2562 De
1054 2526 1134 2562 Vit.
1161 2526 1210 2560 Β.
1236 2527 1277 2562 Χ
1297 2526 1321 2561 3
1345 2536 1355 2568 ;
1384 2527 1445 2562 De
1468 2525 1570 2560 Ben.
1597 2525 1640 2560 II
1661 2525 1728 2568 16,
1749 2525 1788 2568 2,
1821 2525 1859 2559 V
1891 2524 1957 2568 12,
1997 2524 2040 2570 7)

404 2589 446 2621 et
478 2585 611 2631 qu'on
639 2587 796 2621 trouve
827 2585 926 2630 deja
957 2585 981 2621 a
1010 2585 1211 2630 l'epoque
1243 2584 1467 2630 classique,
1501 2584 1553 2620 cf.
1589 2584 1672 2620 Cic.
1715 2584 1816 2629 Top.
1853 2583 1912 2619 IV
1942 2583 1995 2620 23
2028 2594 2036 2619 :

404 2646 514 2688 «Vt,
543 2643 578 2680 si
605 2645 650 2679 in
678 2645 784 2680 urbe
812 2644 920 2680 fines
950 2654 1037 2680 non
1066 2646 1290 2690 reguntur,
1320 2654 1392 2679 nec
1422 2653 1538 2690 aqua
1565 2643 1610 2678 in
1646 2645 1755 2679 urbe
1785 2646 1986 2680 arceatur
2008 2655 2037 2686 »‚

403 2708 444 2741 et
471 2703 694 2741 Tite-Live
720 2704 882 2740 XXIII
909 2704 974 2746 18,
1001 2705 1025 2739 4
1049 2714 1057 2738 :
1087 2703 1326 2746 Maharbal,
1354 2713 1453 2739 cum
1478 2702 1639 2738 maiore
1664 2704 1819 2739 robore
1844 2703 2037 2738 uirorum

402 2764 572 2807 missus,
607 2774 681 2799 nec
715 2763 807 2808 ipse
842 2764 927 2809 (οὐδ’
955 2765 1068 2809 αὑτός)
1106 2763 1379 2808 eruptionem
1417 2763 1663 2798 cohortium
1693 2763 1915 2799 sustinuit.
1941 2775 1956 2797 »
1984 2784 2039 2788 —

405 2825 676 2870 concoquere
707 2833 716 2858 :
749 2833 764 2857 «
788 2822 952 2868 digerer
975 2834 1001 2858 ».
1037 2823 1293 2868 Coneoquere
1325 2825 1367 2858 et
1398 2823 1648 2868 conquirunt
1669 2832 1682 2857 .·
1714 2823 2035 2858 homoioarcton.

402 2884 511 2928 Voy.
536 2883 599 2919 VI
621 2883 646 2918 2
671 2893 679 2917 :
705 2884 987 2928 opportunum
1010 2884 1046 2918 et
1067 2882 1311 2928 opulentum
1335 2885 1378 2917 et
1399 2881 1442 2916 la
1464 2884 1579 2917 note.
1614 2902 1669 2906 —
1731 2881 2000 2927 concupiscit
2026 2891 2035 2916 :

403 2953 494 2978 S.-e.
526 2942 622 2978 ista.
666 2963 722 2967 -—-
778 2942 946 2978 Inuitus
980 2952 990 2977 ε
1023 2942 1082 2977 les
1116 2941 1391 2986 philosophes
1424 2951 1468 2976 se
1501 2941 1746 2985 plaisaient,
1780 2951 1950 2977 comme
1981 2939 2036 2976 ici

404 3002 611 3048 seneque,
647 3002 670 3038 a
704 3004 896 3038 montrer
927 3001 965 3036 Ie
999 3002 1085 3036 bon
1119 3001 1214 3037 cote
1249 3001 1301 3036 de
1334 2999 1519 3036 certains
1555 3000 1786 3043 malheurs,
1822 2999 1875 3036 cf.
1912 2999 2035 3035 Teles
