2154 3377
428 206 491 238 AD
525 204 744 237 HELVIAM
777 203 980 236 MATREM
1015 203 1078 234 DE
1110 202 1490 237 CONSOLATIONE,
1520 204 1586 235 Vll
1767 190 1819 236 31

181 325 373 368 nomina
409 324 607 373 dabant,
642 326 692 365 et
726 321 900 365 relictis
933 321 1026 364 aris
1061 321 1156 363 suis
1192 325 1324 363 trans
1358 321 1503 363 maria
1541 321 1827 376 sequebatur

180 395 371 440 colonos
404 407 562 437 senex.
599 394 692 436 Res
725 392 915 448 quidem
951 405 1044 434 non
1077 392 1315 435 desiderat
1348 391 1552 448 plurium
1585 404 1829 433 eninm-ra-

181 467 398 516 tionem;
440 478 588 508 unum
630 467 791 507 tamen
831 463 1051 512 adiciam,
1095 463 1221 520 quod
1264 463 1310 505 in
1352 462 1513 505 oculos
1554 476 1599 504 sc
1643 462 1828 517 ingerit.

184 537 317 581 Haec
346 537 448 593 ipsa
478 535 630 579 insula
661 547 799 590 saepe
831 534 923 576 iam
958 535 1160 577 cultores
1191 533 1416 576 mutauit.
1450 533 1513 576 Vt
1542 533 1828 588 antiquiora,

183 619 304 665 quae
342 611 559 651 uetustas
603 605 822 653 obduxit,
855 609 1109 654 transeam,
1144 605 1347 648 Phocide
1379 604 1539 647 relicta
1576 604 1716 653 Graii,
1750 605 1829 659 qui

182 691 311 722 nunc
338 678 593 723 Massiliam
623 677 851 726 incolunt,
883 677 1011 732 prius
1040 677 1086 718 in
1117 677 1205 719 hac
1233 676 1384 718 insula
1414 676 1742 724 consederunt,
1772 689 1833 718 ex

184 762 279 807 qua
308 749 421 806 quid
449 761 528 792 eos
556 748 794 803 fugauerit
821 748 1053 791 incertum
1081 751 1169 796 est,
1198 750 1360 789 utrum
1389 747 1503 790 caeli
1531 747 1741 803 grauitas
1769 759 1831 788 an

267 879 309 911 N.
330 879 367 911 C.
390 896 426 901 -
451 878 524 910 VII
543 878 575 909 7.
602 878 741 909 colonos
773 886 879 909 sene-‘c
911 878 943 909 A
977 877 1135 916 (colonus
1167 877 1378 918 sequebatur
1408 886 1514 908 senex
1546 876 1624 917 ug.)
1643 886 1652 915 ;
1685 876 1830 908 colonus

191 933 364 966 uexillum
385 931 536 971 Madvig
555 941 564 970 ;
585 931 819 972 sequebantur
838 931 978 962 colonos
999 931 1148 962 Penates
1167 930 1254 963 Joh.
1278 930 1408 962 Miiller
1427 940 1436 968 ;
1457 930 1666 970 sequebatur
1686 930 1830 961 colonus

188 995 306 1018 nouas
320 986 417 1018 sedes
435 985 475 1017 P.
495 985 655 1017 Thomas
675 994 684 1023 ;
702 985 776 1015 (zi-ts
792 993 913 1016 suos...
931 984 1075 1015 colonus
1091 992 1197 1015 senex
1214 983 1362 1016 Hosius.

193 1099 378 1136 NomIna
410 1100 595 1135 dabant:
629 1100 765 1134 terme
797 1097 1013 1134 militaire.
1050 1098 1211 1134 Nomen
1244 1098 1340 1133 dare
1372 1097 1445 1141 (ou
1478 1097 1684 1142 profiteri,
1715 1097 1830 1133 Tite-

197 1158 303 1195 Live
331 1159 374 1195 ΙΙ
399 1159 466 1201 24,
493 1158 536 1203 7)
569 1175 607 1188 =
639 1168 654 1190 «
676 1157 881 1193 s'enroler
904 1168 931 1192 ».
964 1177 1019 1182 ——
1080 1157 1263 1193 Colonus
1287 1167 1417 1193 senex
1443 1167 1451 1192 t
1480 1167 1579 1203 voy.
1604 1158 1651 1193 N.
1682 1158 1722 1193 C.

279 1218 318 1254 8.
350 1238 406 1244 —-
439 1218 567 1254 Res...
592 1226 682 1252 non
706 1216 917 1252 desiderat
942 1227 950 1252 ε
975 1226 1075 1262 voy.
1101 1216 1142 1251 la
1166 1219 1268 1252 note
1291 1226 1363 1252 sur
1386 1217 1486 1262 quid
1517 1216 1680 1252 interest
1702 1217 1748 1262 (ξ
1771 1216 1829 1261 6).

204 1279 351 1323 Quant
380 1277 405 1313 3
433 1276 650 1319 desiderat,
680 1285 782 1322 voy.
815 1276 881 1312 XI
911 1276 934 1312 3
965 1276 1267 1321 (desiderium).
1298 1297 1353 1302 -—
1383 1278 1502 1313 Haec
1530 1276 1622 1321 ipsa
1649 1276 1789 1312 insula
1821 1286 1830 1310 :

193 1349 208 1370 (ι
230 1336 317 1372 l’ile
347 1337 488 1372 meme
519 1335 575 1371 ou
603 1335 779 1379 J'habite
801 1345 828 1370 ».
863 1336 978 1371 Haec
1008 1338 1073 1371 est
1105 1338 1419 1371 correctement
1450 1335 1647 1381 employe
1675 1335 1744 1378 ici,
1776 1335 1829 1370 cf.

192 1397 230 1431 V
255 1396 301 1432 12
322 1398 366 1432 et
386 1396 424 1431 4.
447 1416 503 1421 —
523 1394 709 1431 Phocide
733 1404 741 1429 ε
771 1394 812 1429 13
834 1393 1011 1439 plupart
1036 1395 1108 1430 des
1132 1397 1500 1430 commentateurs
1520 1397 1705 1440 pensent
1727 1394 1832 1440 qu’il

195 1465 222 1502 y
245 1464 271 1490 a
290 1454 345 1491 ici
366 1464 524 1497 erreur,
547 1453 758 1490 Marseille
787 1456 925 1500 ayant
952 1454 1020 1490 ete
1047 1454 1202 1490 fondee
1225 1455 1296 1498 (en
1318 1454 1398 1490 600
1419 1464 1486 1490 av.
1508 1454 1638 1500 J.-C.)
1660 1463 1738 1500 par
1759 1454 1832 1489 des

203 1513 351 1550 colons
384 1514 436 1549 de
469 1514 623 1550 Phoce‘e
654 1513 773 1558 (ville
805 1513 969 1559 d'Asie)
1001 1516 1044 1550 et
1074 1523 1160 1549 non
1193 1513 1245 1549 de
1277 1514 1456 1550 Phocide
1487 1514 1679 1558 (contree
1710 1514 1763 1549 de
1792 1513 1834 1548 13

202 1574 350 1617 Grece,
373 1573 398 1609 3
418 1573 574 1609 l’ouest
596 1573 648 1608 de
669 1573 710 1608 13
728 1573 911 1618 Beotie).
935 1573 1001 1610 On
1021 1575 1223 1609 retrouve
1243 1575 1359 1609 cette
1379 1583 1522 1609 erreur
1542 1573 1649 1609 dans
1670 1572 1833 1609 Lucain

198 1633 224 1669 3
252 1632 368 1669 deux
390 1632 573 1678 reprises
597 1632 688 1676 (ΙΙΙ
711 1632 807 1675 340,
832 1632 870 1667 V
894 1632 963 1678 53)
988 1635 1031 1668 et
1055 1633 1162 1667 dans
1187 1632 1333 1679 Hygin
1358 1632 1441 1669 cite
1473 1642 1552 1678 par
1579 1632 1835 1670 Aulu-Gene

199 1693 277 1735 (N.
306 1693 358 1729 A.
385 1693 427 1728 X
451 1692 517 1734 16,
541 1691 584 1736 4)
608 1703 618 1735 ;
642 1691 789 1727 tandis
812 1701 895 1737 que
915 1691 1062 1728 Justin
1085 1692 1258 1736 (XLIII
1281 1692 1324 1737 3)
1347 1695 1536 1728 commet
1565 1692 1740 1728 l’erreur
1770 1693 1834 1728 in-

193 1760 318 1787 verse
339 1761 347 1786 :
369 1751 398 1786 il
421 1751 541 1796 parle
561 1750 661 1787 bien
681 1751 733 1786 de
754 1751 923 1794 Phocee,
943 1750 1052 1787 mais
1072 1751 1179 1787 dans
1200 1752 1273 1787 des
1292 1754 1451 1788 termes
1472 1751 1546 1797 qui
1567 1762 1619 1787 ne
1638 1754 1832 1797 peuvent

194 1809 462 1856 s'appliquer
498 1810 600 1855 qu'a
635 1810 676 1845 13
714 1810 894 1846 Phocide
932 1820 940 1845 :
980 1821 995 1843 «
1018 1811 1326 1854 Phocaeenses,
1364 1811 1589 1856 exiguitate
1624 1822 1671 1847 ac
1703 1812 1834 1847 macie

194 1872 324 1905 terrae
355 1869 497 1905 coacti.
523 1880 538 1902 »
571 1869 609 1905 Y
642 1869 758 1905 a-t-il
790 1869 1008 1906 vraiment
1041 1879 1184 1906 erreur
1215 1871 1318 1906 chez
1351 1870 1560 1916 Seneque,
1593 1871 1756 1906 Lucain
1789 1874 1832 1907 et

195 1929 358 1976 Hygin‚
388 1939 443 1964 ou
471 1928 622 1965 faut-il
651 1928 786 1965 croire
813 1930 1031 1974 peut-etre
1060 1929 1190 1975 qu’en
1217 1929 1326 1966 latin
1356 1930 1507 1966 Phocis
1535 1940 1578 1966 se
1606 1930 1832 1966 confondit

193 1998 302 2025 avec
339 1989 529 2025 Phocaea
567 1991 610 2024 et
648 1988 826 2034 designa
864 1987 972 2024 ainsi
1019 1989 1134 2024 deux
1180 1989 1327 2026 choses
1366 1989 1616 2026 differentes
1645 1991 1665 2026 ἱ)
1711 1990 1834 2026 Cette

193 2047 389 2084 derniere
425 2047 670 2093 hypothese
705 2046 994 2093 expliquerait
1028 2048 1069 2083 la
1104 2048 1288 2094 meprise
1323 2049 1375 2085 de
1408 2049 1570 2086 Justin.
1609 2050 1671 2085 La
1705 2059 1833 2086 cause

197 2108 251 2143 de
271 2105 633 2143 l'etablissement
655 2107 728 2143 des
751 2107 970 2143 Phoceens
992 2117 1045 2143 en
1066 2108 1193 2144 Corse
1213 2107 1282 2144 fut
1302 2107 1344 2144 13
1364 2117 1512 2154 guerre
1534 2108 1660 2154 qu'ils
1682 2111 1833 2145 eurent

194 2167 220 2203 3
256 2165 451 2203 soutenir
483 2176 589 2202 avec
620 2166 679 2202 les
714 2167 858 2202 Medes
892 2169 935 2203 et
967 2166 1042 2213 qui
1073 2167 1132 2203 les
1165 2177 1324 2212 poussa
1357 2168 1381 2204 3
1414 2168 1579 2214 quitter
1610 2168 1702 2204 leur
1732 2168 1833 2205 ville

194 2225 269 2271 (cf.
301 2226 473 2270 Dottin,
504 2226 691 2262 Anciens
716 2226 889 2272 peuples
915 2227 962 2262 de
987 2227 1204 2273 I'Europe,
1231 2237 1272 2272 p.
1301 2228 1414 2273 259).
1447 2249 1502 2253 —-
1560 2228 1675 2265 Graii
1702 2239 1711 2264 :
1739 2231 1834 2266 mot

197 2285 418 2331 poetique,
437 2295 538 2331 voy.
558 2285 657 2322 l'ex.
679 2285 867 2322 d'Ovide
885 2286 969 2322 cite
986 2286 1082 2331 plus
1100 2287 1209 2323 haut
1227 2287 1307 2340 (VI
1327 2287 1368 2332 1)
1393 2298 1402 2330 ;
1421 2287 1474 2323 cf.
1495 2298 1647 2324 encore
1666 2288 1831 2324 Ennius

197 2354 267 2390 ap.
299 2344 488 2387 Festum,
517 2353 558 2390 p.
588 2345 684 2388 428,
715 2346 765 2381 17
794 2346 872 2381 Th.
917 2361 950 2374 =
999 2346 1156 2382 Annal.
1191 2346 1321 2392 Reliq.
1354 2347 1421 2383 XI
1458 2347 1644 2392 (Vahlen
1673 2345 1831 2394 [1903]‚

199 2409 251 2439 n⁰
271 2403 366 2447 356,
388 2412 429 2448 p.
461 2403 533 2449 63)
556 2415 566 2447 ;
587 2403 703 2450 Virg.
732 2405 836 2440 Aen.
864 2405 882 2440 I
903 2405 983 2441 467
1007 2416 1017 2449 ;
1040 2406 1145 2442 Hor.
1172 2406 1253 2452 Ep.
1282 2406 1324 2442 II
1347 2407 1384 2450 1,
1409 2407 1472 2442 19.
1500 2408 1646 2452 Quant
1669 2408 1692 2443 3
1713 2407 1832 2443 l'em-

200 2462 289 2508 ploi
309 2463 360 2498 de
380 2465 539 2500 termes
559 2464 800 2509 poetiques‚
820 2473 920 2510 voy.
945 2465 1101 2501 Introd.
1133 2466 1152 2511 §
1172 2465 1238 2501 32.
1270 2486 1325 2490 ——
1383 2466 1491 2510 Quid
1511 2476 1582 2502 eos
1603 2466 1831 2512 fugauerit,

198 2522 412 2558 incertum
438 2531 446 2557 :
474 2522 644 2567 d’apres
670 2523 893 2559 Herodote
917 2523 958 2567 (I
984 2524 1095 2569 166),
1122 2534 1169 2560 ce
1193 2524 1380 2561 seraient
1404 2525 1462 2562 les
1489 2528 1692 2572 attaques
1718 2536 1831 2562 com-

196 2581 343 2617 binees
369 2581 442 2616 des
469 2581 709 2628 Etrusques
735 2585 778 2618 et
803 2583 876 2618 des
902 2582 1218 2629 Carthaginois,
1244 2584 1318 2630 qui
1343 2584 1609 2630 craignaient
1634 2596 1680 2621 ce
1704 2585 1830 2621 voisi-

196 2648 306 2686 nage
330 2650 338 2675 :
369 2651 385 2674 α
405 2645 653 2688 Στρατεὺονται
678 2646 723 2678 ὦν
742 2645 792 2678 ἐπ’
815 2646 932 2686 αὐτοὺς
954 2649 1050 2688 κοινᾷ
1076 2648 1162 2690 λόγῳ
1188 2648 1394 2691 χρησάμενοι
1422 2648 1584 2692 Τυρσηνοὶ
1611 2651 1664 2681 καὶ
1692 2648 1832 2692 Καρχη·

194 2706 354 2738 &huot-..-
387 2704 457 2736 Καὶ
485 2707 597 2737 ἔπειτα
621 2704 756 2745 ἀπέντες
783 2707 842 2745 τὴν
868 2705 1005 2748 Κύρνον
1027 2702 1087 2747 (la
1109 2703 1253 2748 Corse)
1279 2710 1398 2740 ἔπλεον
1429 2704 1506 2742 (les
1535 2705 1770 2748 Phoceens)
1800 2708 1832 2747 ές

197 2763 339 2807 Ῥήγιον.
363 2770 378 2793 n
400 2771 416 2793 «
439 2759 515 2796 Ces
538 2760 816 2796 evenements
839 2770 883 2796 se
907 2761 1128 2806 passaient
1154 2772 1249 2798 vers
1276 2763 1355 2799 540
1379 2774 1389 2807 ;
1414 2763 1463 2799 ils
1485 2767 1716 2809 marquent
1741 2764 1764 2800 3
1790 2763 1830 2798 13

197 2818 279 2855 fois
303 2819 346 2854 la
370 2819 434 2854 fin
469 2819 523 2854 de
552 2818 823 2864 l’expansion
850 2820 1057 2857 coloniale
1086 2822 1159 2858 des
1189 2822 1407 2858 Phoce'ens
1438 2825 1481 2858 et
1508 2822 1546 2858 ie
1575 2822 1831 2868 developpe-

196 2880 319 2914 ment
335 2878 388 2914 de
403 2878 445 2914 13
460 2877 687 2923 puissance
708 2879 926 2916 maritime
949 2880 1022 2920 des
1050 2881 1290 2927 Tyrrhenes
1313 2884 1356 2918 et
1376 2882 1448 2917 des
1477 2881 1789 2927 Carthaginois.
1815 2893 1830 2916 ι)

197 2937 393 2983 (Βοῐῖίῐι,
421 2948 489 2984 op.
519 2938 585 2973 cit.
615 2947 656 2983 p.
685 2938 801 2983 259.)
846 2959 899 2964 —
943 2940 1235 2986 Praepotentis
1275 2941 1424 2978 Italiae
1457 2951 1465 2976 :
1505 2941 1684 2976 allusion
1725 2942 1749 2978 3
1789 2941 1830 2978 13
