2195 3345
258 560 297 596 f&

402 271 488 316 100
694 287 737 318 L.
773 287 938 319 ANNAEI
971 288 1165 321 sENEGAE
1197 290 1517 325 DIALOGORUM
1551 295 1644 326 LIB.
1681 297 1750 328 ΧΠ

399 416 483 460 pro
511 404 712 448 indiuiso
741 406 1108 458 transferuntur,
1135 408 1269 451 illum
1295 410 1508 454 animum
1535 413 1755 457 omnibus
1781 415 1918 460 nobis
1943 430 2045 462 ma-

398 478 604 519 ternum.
629 477 746 520 Cum
771 476 860 520 hac
881 480 936 520 tu
960 478 1177 522 lacrimas
1200 483 1309 524 tuas
1331 482 1578 533 miscuisti,
1602 484 1651 526 in
1675 485 1813 529 huius
1836 488 2041 544 primum

397 546 638 603 respirasti
673 547 794 590 sinu.
835 548 918 591 1113
955 549 1146 606 quidem
1180 551 1398 596 adfectus
1432 557 1541 597 tuos
1575 568 1758 612 semper
1792 558 2042 615 sequitur3

396 618 445 660 in
467 631 572 661 mea
593 622 756 661 tamen
776 632 975 675 persona
997 633 1092 663 non
1112 625 1304 665 tantum
1326 637 1408 680 pro
1432 628 1479 667 te
1501 626 1646 669 dolet.
1673 627 1801 671 Illius
1821 630 2043 674 manibus

396 689 446 732 in
482 689 648 733 urbem
686 690 896 746 perlatus
933 704 1038 734 sum
1063 707 1075 743 ;
1102 692 1226 736 illius
1255 694 1331 751 pio
1370 699 1680 754 maternoque
1719 699 1919 743 nutricio
1958 714 2041 757 per

396 761 589 817 longum
617 765 807 818 tempus
835 773 971 818 aeger
1000 765 1219 808 conualui
1245 780 1255 816 ;
1284 766 1362 808 1113
1392 780 1475 822 pro
1512 773 1767 823 quaestura
1794 784 1899 814 mea
1935 783 2042 828 gra-

397 832 515 874 tiam
545 845 680 875 suam
710 834 943 885 extendit,
965 838 1029 886 et,
1053 848 1172 892 quae
1205 850 1261 879 ne
1293 839 1519 881 sermonis
1551 840 1740 895 quidem
1770 846 1857 885 aut
1887 843 2038 887 clarae

399 956 413 979 «
437 946 611 981 Ceterae
638 946 879 982 hilaritates
906 957 992 982 non
1018 949 1202 993 implent
1229 952 1382 995 pectus.
1408 963 1422 984 »
1452 972 1507 976 —
1564 953 1645 988 Pro
1669 953 1854 990 indiuiso
1882 966 1890 990 :
1919 967 1935 990 «
1956 965 2035 1002 par

397 1005 592 1050 portions
622 1006 775 1051 egales,
804 1016 855 1042 en
885 1017 1088 1043 commun
1112 1020 1139 1043 ›>.
1170 1008 1251 1044 Sur
1278 1011 1393 1045 cette
1420 1012 1560 1055 tante,
1590 1022 1690 1058 voy.
1723 1014 1880 1050 Introd.
1918 1016 1938 1060 §
1967 1016 2033 1060 14,

396 1068 455 1109 et,
482 1075 555 1100 sur
586 1066 628 1101 la
659 1066 852 1101 locution
886 1067 1148 1111 adverbiale‚
1173 1068 1214 1103 13
1247 1071 1350 1104 note
1382 1078 1455 1104 sur
1487 1081 1534 1106 ex
1567 1081 1693 1117 aequo
1726 1072 1858 1118 (VIII
1891 1073 1948 1119 5).
1980 1095 2036 1100 —

400 1125 634 1170 Respirasti
662 1136 669 1160 :
699 1126 800 1161 «Tu
827 1135 871 1161 as
898 1127 1031 1171 repris
1058 1129 1123 1163 tes
1152 1128 1306 1172 esprits
1331 1140 1345 1162 »
1371 1129 1438 1173 (P.
1467 1129 1689 1176 Thomas),
1718 1132 1743 1167 a
1767 1132 1810 1167 13
1835 1133 1948 1169 suite
1975 1133 2033 1169 du

397 1194 509 1229 coup
533 1185 635 1230 qu'a
658 1185 726 1221 e'te
748 1195 857 1230 pour
878 1186 942 1221 toi
965 1196 1066 1221 mon
1090 1187 1186 1222 exil.

483 1245 521 1280 2.
553 1265 609 1269 —-
666 1245 871 1281 Adfectus
899 1256 907 1281 :
936 1246 989 1281 cf.
1020 1246 1177 1281 XVIII
1203 1247 1242 1282 2.
1275 1268 1330 1272 —-
1389 1248 1586 1294 Sequitur
1614 1260 1622 1284 :
1652 1250 1704 1285 cf.
1733 1250 1795 1286 VI
1823 1251 1860 1286 1.
1892 1251 1951 1287 Ici
1977 1261 2032 1288 on

395 1306 501 1348 peut
516 1304 554 1340 16
569 1305 762 1340 traduire
778 1315 856 1350 par
873 1316 881 1341 :
901 1316 915 1339 «
937 1306 1014 1341 elle
1030 1308 1210 1351 partage
1234 1318 1260 1341 ›>.
1293 1327 1348 1332 ——
1405 1308 1455 1343 In
1471 1318 1612 1344 mea...
1630 1319 1811 1354 persona
1828 1320 1836 1346 :
1854 1321 2034 1356 persona

395 1363 694 1408 (proprement
724 1374 939 1410 «masque
969 1365 1021 1400 de
1049 1366 1221 1401 theatre
1245 1366 1277 1411 ›>)
1306 1376 1359 1402 ne
1388 1367 1556 1413 signifie
1586 1378 1678 1413 pas,
1709 1379 1761 1404 en
1790 1370 1876 1405 hon
1905 1370 2032 1414 latin,

395 1432 480 1458 une
505 1434 520 1457 <‹
541 1432 751 1467 personne
775 1436 790 1457 »
813 1424 982 1470 (homo),
1007 1426 1131 1469 mais,
1156 1426 1333 1462 suivant
1356 1426 1664 1473 l'e'tymologie,
1689 1440 1705 1462 «
1725 1429 1763 1464 le
1786 1429 1874 1465 role
1899 1430 2032 1475 qu'on

394 1483 509 1528 joue,
535 1483 574 1518 16
600 1483 830 1527 caractere,
857 1483 895 1519 16
920 1494 1178 1530 personnaye
1195 1496 1237 1530 ›>;
1263 1486 1315 1521 cf.
1345 1486 1428 1521 Cic.
1459 1482 1685 1523 Pro'ssffur.
1717 1488 1785 1523 III
1810 1488 1834 1524 6
1856 1499 1864 1524 :
1896 1500 1911 1523 «
1928 1489 2034 1526 Gra-

395 1542 547 1577 uitatis
586 1543 919 1588 seueritatisque
957 1554 1222 1589 personam...
1263 1546 1368 1580 mihi
1406 1546 1658 1590 impositam
1696 1547 1896 1583 sustinui.
1922 1559 1937 1582 »
1974 1549 2033 1584 Le

395 1611 491 1636 sens
509 1601 564 1637 ici
583 1611 634 1638 en
654 1604 719 1637 est
737 1602 772 1637 si
791 1603 959 1638 affaibli
979 1613 1062 1648 que
1083 1604 1127 1638 in
1146 1614 1236 1639 mea
1254 1614 1432 1649 persona
1451 1605 1662 1650 equivaut
1682 1605 1706 1641 a
1727 1606 1771 1642 in
1790 1616 1868 1651 me,
1887 1616 1934 1643 ce
1954 1608 2029 1653 qui

395 1663 461 1697 est
483 1661 522 1696 le
546 1670 615 1696 cas
640 1662 936 1707 quelquefoi83
962 1663 1014 1698 cf.
1042 1663 1216 1708 Scipion
1241 1664 1426 1699 Emilien
1451 1664 1534 1700 cite
1557 1674 1636 1709 par
1654 1665 1748 1702 Val.
1772 1665 1887 1702 Max.
1915 1666 1974 1702 IV
1993 1667 2032 1710 1,

397 1721 448 1756 10
477 1731 485 1756 :
510 1732 531 1755 ·«
618 1731 671 1757 ne
699 1729 776 1766 ego
805 1722 850 1757 in
884 1724 956 1757 tua
989 1733 1167 1768 persona
1201 1725 1243 1759 et
1271 1724 1534 1759 accusatoris
1569 1726 1612 1760 et
1646 1725 1772 1760 testis
1810 1727 1853 1761 et
1878 1725 2032 1762 iudicis

396 1782 542 1825 partes
570 1781 703 1826 egisse
728 1781 930 1825 uidear»,
959 1784 1002 1817 et
1029 1782 1124 1818 sen.
1158 1781 1225 1816 Ad
1252 1781 1387 1816 Marc.
1420 1781 1437 1815 I
1463 1781 1487 1816 2
1515 1791 1523 1815 z
1553 1792 1567 1815 «
1591 1781 1689 1816 Non
1722 1783 1787 1818 est
1817 1782 2032 1827 ignotum,

397 1841 570 1886 qualem
594 1843 639 1876 te
665 1841 709 1876 in
733 1851 911 1886 persona
935 1842 1068 1886 patris
1094 1841 1156 1876 lui
1181 1841 1247 1886 (=
1279 1840 1323 1875 in
1347 1842 1464 1886 patre
1488 1841 1574 1885 tuo)
1609 1841 1800 1886 gesseris.
1825 1852 1840 1875 »
1879 1841 1960 1878 Sur
1994 1841 2033 1877 16

396 1910 491 1936 56115
516 1900 568 1936 (16
591 1901 633 1935 13
656 1901 791 1945 prep„
816 1910 915 1946 voy.
943 1901 1010 1936 XI
1033 1901 1070 1936 4.
1104 1920 1159 1924 —
1216 1900 1440 1944 Quidem...
1466 1904 1611 1935 tamen
1637 1911 1646 1935 ε
1672 1900 1725 1936 cf.
1753 1900 1885 1936 XVII
1907 1901 1946 1937 3.
1980 1921 2033 1926 ——-

392 1960 486 1995 Non
503 1964 675 1996 tantum
692 1970 767 2005 pro
784 1965 825 1996 te
845 1971 852 1996 :
873 1961 1013 2005 suppl.
1035 1971 1050 1993 «
1070 1960 1145 1995 sed
1164 1960 1298 1995 etiam
1316 1969 1393 2004 pro
1411 1969 1455 1994 se
1479 1971 1505 1994 ›>.
1538 1980 1593 1984 ——
1649 1960 1768 1995 Illius
1786 1960 2031 1996 manibus...

395 2021 583 2065 perlatus
612 2029 740 2055 sum:
774 2020 881 2055 dans
912 2030 958 2055 sa
987 2020 1141 2055 tendre
1171 2019 1366 2063 enfance,
1404 2019 1651 2064 d’Espagne
1683 2019 1706 2054 a
1737 2020 1888 2055 Rome.
1921 2020 2031 2065 Voy.

399 2080 556 2116 Introd.
582 2089 654 2124 pp.
681 2079 699 2115 I
722 2081 765 2115 et
788 2078 935 2115 XXX.
957 2099 1012 2103 —
1044 2079 1279 2115 Nutrieio...
1301 2088 1427 2124 aeger
1449 2089 1457 2113 :
1485 2078 1679 2124 seneque
1703 2081 1778 2114 eut
1800 2088 1885 2114 une
1907 2079 2033 2115 sante

397 2140 580 2175 delicate
601 2139 796 2184 pendant
811 2141 935 2174 toute
957 2149 1004 2174 sa
1022 2139 1105 2182 vie,
1126 2141 1300 2174 surtout
1316 2139 1423 2173 dans
1445 2148 1492 2173 sa
1512 2138 1723 2183 jeunesse‚
1745 2148 1846 2184 voy.
1871 2138 2028 2174 Introd.

396 2208 468 2244 pp.
506 2199 637 2234 IV-V.
669 2219 724 2223 ——
785 2199 1027 2234 Conualui:
1060 2208 1112 2233 en
1148 2198 1320 2243 Egypte
1353 2197 1700 2242 probablement,
1735 2207 1835 2243 voy.
1873 2198 2030 2233 Introd.

395 2268 436 2304 p.
460 2259 498 2294 V
519 2261 562 2294 et
583 2268 623 2293 n.
647 2258 685 2294 6.
709 2258 790 2294 Sur
809 2259 1104 2301 conualescere,
1128 2257 1180 2294 cf.
1218 2258 1259 2293 ΙΙ
1288 2258 1312 2293 2
1345 2260 1388 2293 et
1417 2258 1461 2292 la
1494 2260 1610 2293 note.
1643 2277 1698 2282 —
1756 2257 1997 2301 Quaestum
2020 2267 2029 2292 t

396 2328 496 2364 voy.
520 2319 558 2353 V
580 2319 604 2353 4
627 2320 669 2354 et
692 2318 730 2353 le
752 2318 1075 2354 commentaire.
1107 2338 1163 2343 —
1220 2318 1415 2354 Gratiam
1438 2328 1446 2352 :
1471 2326 1578 2352 nous
1602 2326 1737 2352 avons
1760 2326 1818 2352 vu
1842 2316 1970 2362 (XIV
1991 2315 2033 2359 3,

396 2380 499 2413 note
526 2388 598 2413 sur
627 2378 822 2423 inpensa)
851 2387 934 2423 que
960 2378 1020 2413 les
1048 2379 1226 2422 parents
1255 2379 1299 2413 et
1326 2378 1433 2412 amis
1462 2377 1535 2413 des
1563 2377 1830 2422 magistrats,
1863 2376 1948 2411 lors
1982 2375 2035 2411 de

395 2439 487 2473 leur
507 2438 704 2481 electiori,
726 2437 1049 2473 contribuaient
1069 2439 1255 2472 souvent
1277 2447 1363 2472 aux
1383 2437 1484 2472 frais
1505 2437 1578 2472 des
1598 2436 1703 2481 Jeux
1723 2435 1848 2481 qu’ils
1870 2435 2035 2471 etaient

394 2500 523 2534 tenus
551 2497 603 2533 de
630 2497 795 2533 donner
818 2508 827 2540 ;
854 2497 904 2532 ils
932 2497 1265 2542 s'employaient
1294 2497 1407 2532 aussi
1435 2497 1459 2532 a
1487 2496 1657 2541 briguer
1684 2505 1736 2530 en
1762 2495 1854 2530 leur
1880 2494 2035 2530 faveur

397 2560 439 2593 et
464 2557 750 2602 s'appelaient
775 2557 885 2592 alors
910 2557 1209 2601 suffrayatores
1246 2557 1331 2601 (De
1371 2556 1442 2591 ΒΓ.
1482 2556 1562 2591 Vit.
1591 2555 1722 2591 XVII
1747 2555 1803 2600 5).
1844 2554 1902 2589 Le
1937 2563 2034 2598 pas-

396 2625 496 2662 sage
516 2616 693 2652 suivant
714 2617 765 2651 de
788 2616 907 2651 Pline
927 2617 965 2652 le
984 2617 1123 2652 Jeune
1145 2616 1247 2661 (Ep.
1275 2616 1316 2650 II
1339 2616 1380 2660 9)
1401 2624 1509 2650 nous
1531 2615 1673 2649 donne
1694 2623 1779 2649 une
1797 2613 1894 2648 idee
1915 2612 1968 2648 de
1988 2622 2034 2647 66

396 2676 583 2722 qu'etait
608 2678 723 2712 cette
750 2676 913 2720 brigue,
939 2676 1075 2721 legale
1101 2675 1317 2711 d'ailleurs
1347 2685 1354 2710 ι
1384 2686 1398 2708 «
1420 2674 1611 2709 Anxium
1637 2683 1705 2708 me
1732 2675 1775 2709 et
1801 2672 2034 2708 sollicitum

396 2736 530 2771 habet
557 2735 713 2780 petitio
743 2735 872 2770 Eruci
899 2736 1029 2771 11161...
1061 2736 1221 2770 Prenso
1251 2735 1425 2777 amicOS,
1454 2733 1664 2778 supplico,
1695 2732 1854 2776 ambio,
1883 2732 2033 2767 domos

395 2796 694 2841 stationesque
721 2795 756 2840 («
776 2795 930 2830 cercles
955 2796 987 2840 ›>)
1016 2795 1243 2831 circumeo.
1269 2806 1284 2828 »
1315 2814 1370 2818 —
1429 2793 1644 2829 Sermonis
1663 2796 1739 2828 aut
1759 2792 1899 2828 clarae
1919 2791 2035 2826 salu·

394 2855 569 2891 tationis
595 2855 823 2890 audaciam
851 2864 858 2889 :
888 2866 902 2888 «
923 2855 965 2890 la
990 2855 1210 2890 hardiesse
1237 2853 1289 2888 de
1315 2853 1456 2898 parler
1482 2862 1533 2887 en
1560 2852 1719 2887 societe
1746 2853 1789 2886 et
1816 2850 1868 2886 de
1893 2849 2035 2886 saluer

396 2916 420 2951 a
446 2916 579 2951 haute
605 2915 713 2951 voix
737 2914 814 2960 (les
841 2922 1072 2958 personnes
1099 2913 1351 2957 influentes)
1376 2925 1390 2946 »
1416 2913 1481 2957 (P.
1511 2911 1732 2955 Thomas).
1767 2910 1834 2945 En
1859 2909 2034 2944 saluant

393 2984 479 3010 une
495 2984 721 3019 personne,
739 2974 901 3019 l’usage
917 2974 1086 3010 voulait
1102 2973 1234 3018 qu'on
1252 2971 1493 3017 prononeat
1510 2981 1587 3006 son
1605 2980 1707 3006 nom
1731 2981 1740 3013 ;
1757 2970 1792 3005 si
1809 2979 1864 3004 on
1879 2967 2033 3004 l'avait

396 3035 552 3078 oublie‚
579 3044 634 3070 on
669 3033 816 3077 disait‚
849 3043 947 3069 sous
982 3033 1189 3078 l'Empire
1217 3043 1225 3068 ε
1253 3033 1418 3068 domine
1443 3032 1477 3076 («
1499 3030 1717 3066 monsieur
1739 3029 1772 3075 ›>)
1798 3028 1913 3074 (Sen.
1949 3027 2032 3072 Ep.
